3126 5058
708 452 914 542 .-s-

264 621 269 634 ’
356 601 456 698 Obiit
471 629 658 697 Arenione
672 612 848 723 AEgidius,
869 626 928 698 die
949 645 1024 697 xxtl
1052 628 1187 696 mensis
1205 621 1352 695 decern-

306 754 400 844 bris,
425 779 524 825 anno
551 752 688 825 Christi
708 774 886 844 Mcccxw,
911 753 1022 826 aetatis
1044 774 1141 824 Lxlx.
1160 749 1353 851 Philippus

307 881 579 978 Bergomensis,
604 886 643 951 in
662 880 916 981 supplemento
943 880 1214 954 Chronicorum
1238 879 1353 975 (anno

308 1010 523 1103 mcccxxxv)
540 1035 626 1080 eum
646 1009 831 1082 miraculis
852 1009 1062 1082 inclaruisse
1087 1008 1224 1096 scribit,
1247 1023 1281 1078 et
1304 1005 1352 1078 ob

256 1220 258 1225 ¹
310 1143 484 1211 meritum
524 1143 721 1210 sanctitatis
757 1137 888 1210 beatum
924 1139 1091 1210 doctorem
1128 1134 1353 1237 appellatum

113 1331 116 1338 .
222 1333 225 1339 .
309 1264 436 1353 fuisse;
455 1265 517 1337 sed
534 1290 609 1336 non
626 1264 725 1364 apud
738 1291 961 1362 quemquam
977 1265 1091 1336 aliurn
1105 1263 1175 1336 tale
1194 1265 1355 1335 testimo-

311 1393 417 1465 nium
435 1397 593 1492 reperire
609 1398 803 1492 potuimus.
864 1395 871 1410 ⁹

363 1523 507 1619 Corpus
523 1523 700 1592 Lutetiam
715 1509 944 1622 translatum,
962 1526 1001 1592 in
1016 1522 1170 1593 Ecclesia
1188 1521 1358 1616 Augusti-

312 1649 523 1735 nianorum,
532 1644 634 1742 ¹junta
647 1641 766 1738 majus
778 1645 900 1736 altare,
914 1644 1105 1719 conditum
1115 1662 1178 1716 est.

365 1924 481 1996 Multa
496 1924 638 2023 scripsit
649 1921 913 2024 philosophica,
924 1923 1142 2018 Theologica
1158 1939 1194 1995 et
1207 1921 1358 1993 moralia

301 2077 445 2152 opera,
472 2078 556 2149 quae
580 2051 840 2151 Bcllarrninus¹⁷
866 2056 1089 2141 PossevinuS,
1111 2048 1358 2138 Trithernius‚

316 2182 455 2252 Gesner
469 2195 504 2251 et
520 2178 726 2252 Guilelmus
743 2185 838 2252 Cave
855 2205 1079 2254 recensuere.

366 2306 616 2380 Admirandus
638 2326 733 2378 certe
756 2308 812 2379 vir
833 2333 909 2380 non
932 2309 1057 2380 minus
1070 2312 1204 2380 virtute
1221 2323 1256 2378 et
1282 2331 1361 2376 mo·
1433 2391 1436 2398 Δ

315 2435 429 2523 ribus,
446 2460 558 2532 quam
572 2439 727 2508 scientiae
745 2435 867 2508 studio
885 2451 920 2506 et
941 2413 1122 2523 doctrinm
1143 2440 1209 2532 qui
1227 2434 1361 2533 diguus

315 2565 385 2634 fuit
399 2563 504 2661 cujus
517 2590 626 2663 opera
641 2565 763 2635 omnia
782 2569 821 2634 in
836 2563 956 2636 lucem
971 2564 1134 2662 religiose
1149 2563 1358 2635 ederentur.

315 2695 388 2764 Nos
403 2718 522 2764 unum
539 2690 666 2764 saltem
683 2690 779 2764 inter
793 2689 870 2765 haec
887 2690 1054 2764 volumen
1070 2691 1275 2791 explanare,
1293 2714 1362 2788 pro

316 2822 448 2896 nostris
462 2820 708 2912 facultatibus,
722 2821 950 2894 conabimur.

431 3241 483 3297 lle
504 3242 606 3299 modu
626 3241 888 3300 demonstrandi
911 3247 946 3299 et
968 3241 1011 3298 de
1033 3239 1150 3316 operis
1171 3241 1252 3299 flue.

359 3506 509 3579 Tritam
531 3505 683 3603 quidem
707 3507 805 3580 viam
827 3511 1008 3604 ingressus
1029 3525 1081 3580 est
1104 3505 1283 3605 AEgidius,
1305 3505 1365 3577 sed

320 3639 470 3733 proprio
496 3635 560 3732 pei·
583 3631 677 3705 hanc
700 3637 845 3704 incessit
869 3657 1008 3728 gressu,
1034 3656 1107 3703 non
1132 3636 1254 3702 minus
1278 3655 1371 3731 pro-⁴

316 3975 422 4028 uerclrie
431 3975 569 4042 imperialis
582 3975 689 4025 Goldruti
707 3976 837 4027 invenitur.
857 3981 886 4025 ln
903 3975 977 4026 dubio
999 3984 1077 4026 alitem
1094 3991 1158 4026 nune
1176 3975 1274 4043 ponitur
1287 3984 1369 4026 utrum

288 4137 291 4144 1
317 4067 347 4118 eb
364 4065 457 4132 AEgidio
470 4081 525 4114 rere
544 4065 574 4114 sit
589 4064 628 4114 lric
644 4063 715 4116 liber.
736 4069 805 4114 Hanc
824 4067 1008 4115 controversiam
1032 4065 1140 4115 retulisse
1160 4066 1230 4117 nobis
1251 4055 1283 4117 tit
1301 4067 1367 4132 satis,

317 4173 391 4223 quum
405 4155 517 4206 dirimere
531 4169 579 4205 tren
591 4153 695 4206 licuerit.
712 4158 803 4210 Forsan
821 4163 901 4204 autem
918 4155 1012 4220 aliquot
1029 4154 1053 4205 in
1068 4155 1166 4206 alteram
1185 4165 1278 4222 partem
1294 4169 1368 4218 ergu—
1439 4209 1453 4228 ο

318 4255 397 4298 menta
406 4263 435 4296 en
449 4244 493 4294 lruc
506 4245 622 4312 oprrsrulo
636 4243 714 4308 colligi
734 4252 856 4310 poterunt.
