3126 5058
637 371 639 376 ⁵
717 416 909 483 -18-

294 604 408 696 AEque
420 595 589 698 prohibet
599 619 645 666 ne
659 597 815 664 nimium
829 593 1058 687 ulciscamur,
1072 607 1108 666 et
1121 621 1167 668 ne
1180 603 1336 670 omnino

294 751 368 798 non
394 727 622 798 ulciscamur.
650 725 681 793 A
703 737 799 794 recta
818 725 917 792 enim
936 723 1076 794 ratione
1096 721 1170 795 fere
1192 739 1338 796 1111111111

294 853 401 925 distat
419 851 484 950 qui
508 875 700 946 nunquam
724 853 889 934 irascitur
902 863 1085 945 quantuni
1099 855 1165 948 qui
1179 877 1336 952 semper.

346 979 476 1052 Nullus
499 992 550 1050 est
573 995 667 1050 11111
689 981 754 1074 qui
772 975 957 1074 AEgidium
980 975 1026 1048 ab
1048 975 1117 1050 hac
1141 980 1337 1071 sententia,

298 1105 433 1178 Christi
449 1105 620 1204 exemplis
634 1129 710 1176 uon
727 1107 808 1176 satis
829 1115 1088 1193 consentanea,
1111 1130 1339 1178 recessurum

298 1258 375 1305 non
392 1247 526 1331 speret;
541 1231 601 1304 sed
616 1235 647 1302 ei
659 1232 765 1330 plene
782 1237 976 1304 assentitur
990 1247 1125 1321 noster,
1144 1235 1339 1304 Sacrorum

300 1360 497 1450 Codicum,
535 1359 737 1432 Aristotelis
764 1359 900 1449 studio,
931 1359 1145 1448 immemor,
1173 1376 1209 1431 et
1243 1365 1340 1458 ipsos
1412 1388 1417 1395 ·

300 1487 393 1559 111111
414 1487 586 1576 Gentiles,
613 1489 739 1559 Stoicis
760 1485 925 1574 inferior,
950 1485 1144 1583 Aquinatis
1163 1502 1285 1559 autem
1300 1487 1340 1558 in

299 1613 526 1712 hocquoque
538 1615 750 1686 auctoritate
766 1613 881 1686 fultus
893 1615 955 1708 (1).
981 1614 1224 1686 Mansuetudo
1241 1619 1340 1686 enim

300 1742 399 1841 apud
415 1743 635 1840 Aquinatem
657 1739 751 1812 nihil
769 1740 870 1813 aliud
884 1757 935 1814 est
946 1746 1017 1814 nisi
1037 1741 1239 1840 judicium,
1264 1743 1341 1814 sine

301 1874 353 1940 ira
375 1868 546 1968 quidem,
578 1886 614 1940 et
629 1869 828 1967 tranquillo
843 1875 980 1960 animo,
1007 1869 1166 1958 illatum,
1190 1884 1226 1942 at
1247 1871 1340 1942 mala

301 2000 404 2071 malis
433 2025 534 2098 aeque
559 2016 593 2072 11
621 2003 743 2072 stricte
774 2025 1029 2099 compensans,
1044 2019 1048 2026 ’
1065 2025 1132 2074 nec
1168 1998 1346 2100 parcendi
1380 2007 1381 2010 ’

302 2153 423 2200 causas
439 2153 615 2224 quaerens.

353 2260 500 2348 Quanto
513 2257 641 2328 melior
661 2255 821 2329 doctrina
839 2258 998 2343 Senecae,
1025 2270 1061 2328 et
1075 2271 1215 2354 quanto
1229 2261 1345 2356 potio-

304 2411 358 2456 res
374 2382 546 2456 Guilelmi
560 2383 720 2472 Peraldi,
744 2411 764 2456 e
778 2387 910 2456 Seneca
924 2383 1062 2475 ductae,
1077 2385 1181 2456 mites
1196 2399 1343 2457 senten-

304 2515 361 2581 tiae
377 2511 444 2606 (2)!

346 2641 395 2709 ln
411 2638 561 2735 reliquis
573 2637 771 2710 virtutibus
795 2635 889 2708 nihil
908 2665 928 2709 a
946 2636 1170 2738 Philosopho
1183 2638 1347 2710 dissentit

303 2767 481 2863 AEgidius,
508 2765 798 2864 necquidquam
823 2771 862 2838 in
886 2765 944 2838 his
967 2765 1173 2839 notandum
1189 2781 1252 2838 est.
1279 2769 1346 2837 Eas

304 2921 388 2992 ergo
401 2897 671 2966 enumeravisse
682 2893 790 2966 nobis
804 2892 971 2966 sufficiat.
1062 2969 1071 2977 ,

356 3156 414 3224 Eae
431 3166 516 3222 sunt
535 3155 684 3224 virtutes
701 3177 791 3251 quas
808 3152 980 3252 princeps
995 3147 1127 3224 habeat
1141 3165 1300 3251 oportet,
1318 3151 1348 3223 si

306 3278 440 3376 dignus
462 3283 526 3376 qui
552 3283 733 3377 imperitet
749 3304 825 3352 esse
839 3279 932 3368 vult;
958 3304 1023 3351 nec
1045 3278 1184 3375 aliquas
1205 3295 1348 3350 tantum

309 3405 454 3495 habeat,
481 3407 544 3479 sed
573 3401 720 3479 omnes(
744 3411 795 3479 lta
823 3412 944 3497 enim,
979 3408 1073 3480 sicut
1104 3406 1286 3480 Aristoteli
1314 3421 1349 3478 et

307 3551 427 3608 sancto
452 3535 605 3608 Thomae
635 3537 791 3636 placuit,
821 3563 947 3609 omnes
973 3549 1059 3608 sunt
1087 3537 1181 3608 inter
1199 3563 1237 3608 se
1262 3561 1349 3608 con-

310 3687 423 3752 nexae,
447 3681 487 3734 ut
500 3664 659 3762 disjungi
675 3679 877 3761 nequeant,
905 3676 940 3735 et
961 3668 1020 3736 cui
1039 3662 1094 3736 vel
1116 3687 1191 3733 una
1214 3659 1350 3750 deficit,

306 3805 446 3862 cunctae
465 3790 574 3860 simul
599 3789 780 3862 deficiant.
805 3789 915 3880 Quod
943 3795 1082 3863 mirum
1111 3805 1206 3861 certe
1229 3787 1351 3860 multis
1424 3875 1429 3884 ·

343 4021 375 4082 (11
393 4023 492 4069 Sanctus
500 4017 613 4085 Thomas,
629 4025 653 4068 1·
668 4023 708 4081 2³.
723 4021 913 4087 questioneslt't
923 4031 947 4072 ct
960 4037 1012 4088 seq.

345 4105 374 4176 (2)
394 4107 526 4158 Guilelmus
539 4110 661 4175 Persidos,
670 4114 766 4161 sumna
779 4111 902 4176 virtutum,
914 4119 1028 4161 tractatus
1041 4113 1064 4169 1,
1079 4124 1132 4175 cap.
1143 4112 1167 4170 1,
1181 4105 1352 4176 11111111ιί13

308 4205 421 4247 tractatus
436 4201 458 4264 s,
473 4201 569 4266 111112,
583 4213 636 4268 cap.
647 4202 676 4262 ⁵5
695 4207 806 4252 1111111111
817 4202 840 4266 6,
855 4215 910 4266 pars
921 4202 944 4250 ⁹.
