3124 5056
748 503 941 570 ..84-

322 667 504 752 firmatam
539 705 559 750 e
592 677 774 752 nobilium
821 679 933 752 tutele
969 677 1188 766 vindicavit,
1221 675 1369 776 solaque

223 822 228 828 “
320 805 499 907 principis
526 807 710 905 reiigione,
725 807 865 904 licique
882 821 918 879 et
949 806 1078 906 populi
1105 825 1204 878 metu
1227 820 1366 905 tempe·

321 938 425 1008 ravit.

373 1195 528 1289 Magnus
564 1191 694 1290 AEgidit
725 1192 901 1264 doctrinae
932 1191 1034 1290 apud
1064 1189 1220 1289 aequales
1248 1207 1366 1290 poste·

321 1347 451 1417 rosque
474 1347 571 1394 usus.
591 1327 694 1411 dam,
715 1329 798 1396 uivo
816 1321 938 1394 adhuc
958 1339 1114 1411 auctore,
1135 1319 1229 1392 liber
1244 1322 1287 1392 do
1301 1325 1366 1392 ae-

321 1455 448 1548 pimine
473 1456 665 1552 principum
697 1450 736 1522 in
755 1449 939 1522 Gallicum
962 1473 1169 1532 sermonem
1202 1447 1249 1520 ab
1270 1451 1367 1519 Hen-

322 1583 398 1651 rico
425 1581 465 1650 de
495 1577 628 1652 Gauchi
658 1580 853 1652 translatus
877 1595 948 1667 est;
980 1603 1138 1674 moxque
1164 1578 1269 1664 item,
1296 1574 1366 1648 sub

323 1707 456 1789 Garolo
474 1709 628 1799 Quinto,
644 1725 712 1781 eta
729 1705 926 1808 Rudolpho
948 1703 1105 1795 Preilaeo,
1119 1707 1308 1778 Tractatus
1322 1703 1366 1776 de

310 1841 476 1938 'Utraque
508 1841 681 1910 Potestate.
707 1837 823 1908 Multa
850 1861 1000 1934 quoque
1017 1836 1112 1933 ‘ejus
1144 1840 1289 1932 vestigia
1327 1836 1364 1906 in

323 1967 558 2065 sequentibus
581 1965 820 2067 scriptoribus
848 1970 1025 2060 reperias,
1054 1971 1161 2064 etiam
1189 1971 1217 2038 si
1249 1965 1295 2037 ab
1323 1969 1366 2036 iis

324 2123 398 2169 non
415 2102 639 2170 nominetur.
654 2101 750 2169 Inter
764 2121 868 2195 quos,
885 2111 926 2167 ut
947 2075 1088 2194 aliquos
1108 2110 1252 2168 tantum
1268 2095 1366 2168 indi-

322 2251 412 2314 cem,
438 2227 599 2296 Mariana
625 2224 798 2324 p‘lcraque
823 2223 922 2295 illius
944 2237 1160 2321 argumenta
1184 2223 1229 2295 de
1255 2223 1366 2296 unius

323 2355 547 2453 principatu,
572 2354 622 2425 de·
646 2352 858 2427 haereditate
879 2355 1002 2452 regui,
1032 2353 1079 2426 de
1110 2379 1240 2453 taragna
1270 2355 1367 2426 inter

324 2506 445 2579 regem
474 2498 749 2580 tyrannumque
768 2483 1031 2582 discrepantia,
1051 2482 1096 2554 de
1115 2486 1205 2580 regii
1226 2481 1366 2553 alumni

324 2611 555 2710 educatione,
579 2617 789 2710 usurpavit,
813 2617 851 2683 in
876 2612 969 2684 libro
995 2613 1035 2683 de
1063 2614 1152 2710 Repe
1176 2627 1209 2683 et
1234 2613 1274 2684 de
1300 2617 1368 2682 ins·

325 2746 475 2812 tutione
498 2748 593 2838 repis.
615 2745 706 2816 Item
733 2740 896 2813 Bodinus
917 2742 956 2812 in
969 2739 1168 2840 Republica,
1187 2767 1305 2838 quum
1320 2739 1367 2812 de

324 2865 533 2940 haereditate
559 2868 719 2956 disserit3
746 2873 834 2940 item
868 2867 1018 2940 Bedaeus
1046 2895 1164 2966 quum
1192 2869 1238 2940 dc
1263 2873 1368 2965 regiae

324 3002 509 3096 potestatis
533 3001 691 3092 origine3
720 3013 756 3068 et
785 2994 981 3076 verisimile
1003 2995 1133 3068 saitem
1155 2994 1281 3067 haberi
1312 3021 1368 3092 po·

324 3141 394 3197 test
407 3126 537 3220 AEgidii
556 3151 667 3224 opera
689 3127 918 3198 Bossuetium
943 3125 1007 3196 diu
1035 3123 1268 3222 multumque
1288 3149 1368 3196 ver·

323 3259 470 3339 sevisse,
495 3277 614 3348 quum
636 3250 683 3321 do
706 3249 926 3322 monarchiae
951 3256 1176 3350 praestantia,
1199 3249 1245 3322 de
1266 3252 1369 3349 regni

325 3377 547 3467 haereditate,
571 3377 617 3450 de
635 3377 833 3452 virtutibus
860 3380 976 3474 regiis,
996 3379 1042 3451 de
1067 3378 1280 3452 consiliariis
1304 3377 1370 3450 dc·

325 3507 438 3602 nique
464 3523 500 3578 ct
524 3506 818 3606 promulgatione
837 3505 979 3604 legum,
997 3511 1122 3579 omnia
1143 3507 1218 3579 fere
1243 3503 1369 3578 cadam

325 3635 564 3707 contenderit.
