3126 5058
725 427 916 492 ..16-

300 603 430 674 animae
456 621 573 702 parte,
591 627 673 699 quae
693 599 799 672 nohis
819 617 995 698 tanquam
1017 598 1154 696 aliquid
1174 596 1343 671 divinum

299 730 407 803 inest.
1357 814 1359 818 Ι

231 947 233 950 p
350 855 580 962 Omnia-haec
593 855 769 956 approbat
786 855 961 954 AEgidius,
979 880 1061 953 quae
1079 851 1344 954 approbaverat

229 1040 235 1054 .
300 985 377 1084 ipse
398 983 576 1073 Thomas3
600 983 682 1072 sed,
707 983 874 1082 exemplo
900 1008 1048 1080 quoque
1073 961 1286 1079 Aquinatis,
1304 986 1342 1052 iu

273 1093 447 1186 fduobus
469 1113 698 1185 Aristotelem
725 1119 896 1186 erravisse
920 1128 1040 1212 putat,
1064 1138 1181 1209 quum
1205 1112 1245 1184 in
1271 1110 1349 1182 sola'

302 1244 452 1312 scientia
470 1240 761 1341 contemplativam
784 1239 987 1314 felicitatem
1015 1240 1195 1339 posuerit,
1215 1255 1251 1312 et
1273 1237 1344 1311 ho·

302 1373 419 1440 mines
430 1367 475 1439 ad
489 1368 699 1441 alterutram
714 1369 921 1441 felicitatem
936 1369 1007 1440 suis
1022 1373 1179 1468 propriis
1192 1367 1344 1457 viribus,

304 1503 381 1569 sine
397 1503 511 1596 gratia
526 1516 561 1570 et
577 1499 712 1572 auxilio
725 1502 801 1588 Dei,
817 1499 1006 1598 pervenire
1021 1523 1124 1598 posse
1139 1497 1343 1570 crediderit.

304 1627 385 1696 Non
410 1625 483 1697 sola
499 1629 599 1697 enim
614 1626 776 1715 scientia,
791 1625 854 1697 sed
873 1652 977 1724 prece
993 1651 1142 1724 quoque
1160 1643 1195 1697 et
1213 1627 1346 1732 divit&

305 1753 504 1875 rua-tuille,
519 1754 772 1853 contemplativa
792 1759 862 1828 vita
877 1761 1129 1843 'constituitum
1148 1761 1238 1828 etin
1257 1782 1346 1828 neu·

255 1925 257 1929 ·
304 1897 360 1957 tra
377 1885 468 1956 bene
484 1889 554 1957 vivi
570 1901 699 1984 potest,
715 1889 783 1957 nisi
799 1890 910 1984 gratia
925 1889 987 1957 Dei
1002 1884 1203 1959 auxilietur.

356 2016 410 2084 Ne
424 2013 535 2110 igitur
546 2012 611 2086 soli
624 2011 854 2114 philosophe,
869 2013 964 2086 utin
982 2014 1182 2104 Aristotele,
1197 2031 1346 2086 contem-

303 2139 430 2240 plativa
452 2145 523 2212 vita
540 2159 756 2231 reservetur,
776 2167 842 2214 nec
862 2142 909 2214 ad
930 2146 1024 2215 cives
1046 2127 1348 2240 magistratusque

306 2268 376 2339 sola
389 2268 526 2368 politica
537 2273 609 2340 vita
624 2274 783 2342 attineat.
796 2270 1103 2370 Contemplationi
1114 2288 1236 2342 autem
1250 2286 1350 2343 vacet

306 2393 740 2495 ipse1·er‹,specufutivom
766 2395 991 2485 felicitatem,
1020 2414 1195 2494 tauquam
1221 2402 1350 2497 praeci-

306 2548 422 2621 puum
444 2549 553 2594 suum
579 2521 713 2613 finem,
740 2523 808 2594 sibi
832 2549 1057 2623 proponens3
1084 2542 1134 2613 et,
1159 2522 1204 2594 ad
1231 2525 1349 2596 Deum

306 2677 442 2744 versus,
455 2679 563 2752 penes
575 2679 685 2749 quem
700 2653 816 2725 solum
833 2670 885 2724 est
894 2653 954 2750 jus
966 2653 1186 2754 imperandi,
1199 2668 1234 2725 et
1246 2654 1303 2751 cuj
1311 2679 1352 2726 us

306 2777 400 2850 nihil
415 2779 514 2849 aliud
530 2784 605 2878 ipse
620 2806 730 2876 quam
750 2777 913 2853 minister
928 2797 990 2868 est,
1015 2807 1101 2852 eum
1127 2796 1294 2880 precetur
1315 2797 1352 2850 et

306 2907 490 3006 imploret,
508 2926 548 2980 ut
564 2913 601 2980 in
612 2908 752 3008 politica
766 2913 836 2983 vita
853 2908 948 2981 bene
963 2934 999 2981 se
1016 2907 1158 2981 habeat.

358 3037 558 3126 Quomodo
572 3055 695 3109 autem
710 3042 748 3108 in
765 3064 804 3108 ea
822 3038 893 3108 vita
909 3038 1001 3143 bene
1017 3064 1054 3110 se
1070 3036 1238 3109 habebit?

357 3169 403 3253 Si,
420 3163 632 3264 posthabitis
650 3163 896 3264 voluptatibus
911 3181 945 3237 et
959 3166 1121 3264 corporis
1136 3147 1350 3252 commodis,

305 3290 476 3392 politicam
491 3291 698 3363 felicitatem
710 3290 777 3362 sibi
794 3307 904 3392 ponet
921 3293 1111 3390 inquibus
1128 3291 1242 3365 decet.

359 3428 401 3496 ln
417 3423 553 3523 quibus
568 3429 682 3521 igitur
698 3449 778 3494 eam
794 3448 929 3523 ponere
944 3422 1084 3495 decebit
1100 3424 1171 3519 (1)?

358 3557 441 3656 Nou
460 3552 498 3623 in
515 3550 660 3640 divitiis,
685 3556 772 3650 quia
797 3577 872 3623 non
894 3577 960 3650 per
981 3577 1018 3624 se
1041 3551 1145 3623 bonae
1169 3567 1267 3643 sunt,
1290 3545 1353 3623 sed

307 3687 469 3781 corporis
494 3681 590 3752 bona
623 3685 843 3780 respiciunt,
867 3705 949 3779 quae
974 3680 1080 3754 bonis
1109 3687 1240 3754 animae
1268 3696 1356 3753 sunt

306 3811 488 3884 inferiora.

342 4140 375 4202 (l)
393 4143 450 4188 Hice
470 4138 550 4188 omnia
572 4138 596 4188 in
618 4142 689 4188 sseato
702 4137 794 4190 Thema
818 4113 986 4205 inveniuntur,
1000 4145 1097 4192 Summa
1117 4138 1253 4207 theologie,
1271 4141 1295 4188 t·
1310 4142 1349 4204 tt,

308 4234 391 4292 quest.
406 4231 429 4276 l·
442 4237 465 4276 rt
480 4231 514 4280 2¹.
