3124 5056
736 449 928 514 ...60-

308 637 392 693 neat
426 639 560 706 noster,
594 648 675 718 quae
704 621 750 693 de
778 621 900 693 debita
936 625 1202 718 principandum
1234 619 1354 690 oscel-

306 748 419 830 lentia
439 747 681 848 Philosophus
713 749 946 835 disseruerat,
976 765 1030 836 et,
1055 753 1119 845 qui
1145 741 1353 846 principatu

306 872 438 974 dignus
474 881 534 966 sit,
577 903 664 948 eum
699 878 846 978 politica
883 879 1016 954 virtute
1057 903 1166 976 supra
1206 896 1354 950 caeteros

306 1007 468 1078 ernincia
511 1005 643 1078 debere
682 1012 856 1080 tenaciter
901 1005 1113 1094 contendat,
1147 1005 1354 1102 multosque

307 1133 413 1204 etiam
449 1132 662 1234 profiteatur
690 1134 737 1206 ob
764 1141 941 1207 virtutum
972 1137 1215 1234 praestantiam
1246 1139 1354 1204 ritca

308 1253 454 1354 populis
481 1252 609 1328 eiectos
640 1256 748 1330 fuisse
781 1257 968 1356 principes
994 1257 1067 1351 (1),
1096 1279 1281 1352 nusquam
1307 1271 1356 1325 ta·

311 1409 394 1456 men
417 1385 463 1456 de
488 1391 751 1486 principandum
769 1370 968 1483 originein
989 1383 1059 1459 hoc
1082 1383 1357 1482 ‘roiuininespe

310 1514 448 1588 cialiter
470 1514 628 1605 disserit;
656 1522 759 1614 quasi
782 1544 801 1588 a
822 1517 885 1590 tali
903 1521 1124 1616 quastione,
1142 1514 1354 1588 offensionis
1409 1569 1412 1574 .

311 1660 423 1732 metu,
452 1645 616 1740 refugiat.
669 1639 671 1643 ⁸
714 1661 716 1666 '

364 1772 553 1842 Maniieste
579 1787 699 1843 autem
725 1771 804 1869 ejus
835 1776 1014 1846 sententia
1047 1797 1211 1872 expressa
1243 1773 1356 1842 estin

311 1914 465 1969 tractatu
485 1900 539 1968 De
558 1902 705 2000 Utraque
723 1902 901 1986 Potestute,
921 1915 954 1970 et
985 1905 1019 1970 in
1049 1902 1295 1974 Commentario
1318 1897 1359 1968 de

313 2023 399 2098 libro
414 2029 679 2113 Sententiarum
711 2027 772 2100 sed
793 2033 884 2100 mira
909 2029 1017 2100 ineis
1040 2027 1293 2119 doctrinarum
1311 2025 1358 2098 de

236 2245 238 2248 Ι
315 2154 384 2228 hac
401 2160 599 2252 quaestione
614 2155 854 2256 discrepantia
873 2167 886 2253 (
911 2160 935 2252 ).

361 2287 501 2354 Horum
518 2288 615 2354 enim
632 2285 745 2384 priori
760 2289 788 2356 si
814 2284 992 2375 creditur,
1007 2273 1053 2357 ab
1075 2309 1151 2356 uno
1179 2289 1265 2370 Dee,
1292 2309 1358 2355 nce

312 2411 357 2483 ab
374 2412 442 2484 alio
462 2438 646 2514 quoquam,
664 2429 873 2512 potestatem
891 2414 1024 2512 singuli
1040 2440 1138 2511 reges
1151 2409 1331 2486 obtinent.

362 2548 406 2616 ln
438 2540 504 2614 hac
526 2546 639 2641 igitur
664 2547 809 2616 maximi
838 2549 1017 2616 momenti
1039 2549 1257 2641 quastione,
1283 2567 1356 2614 non

312 2694 382 2768 pro
419 2673 615 2767 Aquinate,
636 2671 698 2742 scd
739 2697 807 2769 pro
838 2670 1007 2744 iohanne
1041 2669 1299 2757 salisberiensi,
1325 2686 1360 2740 et

244 2777 252 2796 ⁸
312 2799 472 2893 Hugone
508 2797 743 2886 Floriacensi,
774 2815 843 2870 stat
865 2798 1046 2896 AEgidius3
1079 2798 1124 2870 ab
1155 2795 1212 2869 his
1238 2815 1359 2869 tamen

314 2928 471 2996 maxime
491 2923 664 3015 diversus,
680 2925 781 3022 quod
799 2925 825 2996 ii
839 2931 1101 3014 auctoritatem,
1118 2951 1231 3023 quam
1251 2926 1360 2996 aDeo

314 3068 423 3138 tenet,
445 3052 490 3124 ab
510 3054 596 3152 ipsis
618 3079 768 3151 quoquc
786 3051 1048 3141 sacerdotibus,
1069 3071 1279 3152 tanquama
1295 3055 1358 3131 Dei

316 3178 507 3268 ministris,
540 3207 660 3278 regem
687 3201 807 3256 tencre
831 3180 1107 3271 contenderint,
1135 3182 1212 3282 ipse
1237 3197 1358 3259 contra

315 3303 456 3376 nuliam
479 3311 517 3377 in
541 3331 668 3405 regum
694 3310 923 3382 institutione
938 3325 1080 3409 partem
1103 3305 1359 3393 sacerdotibus,

314 3438 417 3531 quasi
445 3437 510 3506 Dei
532 3437 802 3527 instrumentis,
832 3437 1055 3522 attribuerit,
1080 3454 1117 3509 et
1139 3434 1232 3508 nihii
1258 3435 1361 3534 quid·

313 3587 426 3658 quam
444 3588 542 3661 reges
562 3565 607 3638 ab
621 3568 707 3665 ipsis
734 3564 967 3666 pontificibus
984 3581 1106 3638 tenere
1130 3568 1261 3671 aeriter
1276 3587 1360 3662 pro-

313 3695 530 3788 pugnaverit
555 3693 617 3788 (3).

351 3916 382 3986 (i)
404 3919 455 3968 tiu.
468 3925 518 3984 111,
533 3938 587 3988 pars
600 3927 629 3988 2,
648 3941 703 3991 rap.
714 3930 736 3974 6.

264 4059 267 4069 ·
350 4022 381 4094 (Β)
400 4030 436 4076 De
449 4030 557 4094 Utraque
572 4033 703 4092 i‘otrstatr,
716 4041 761 4080 art.
778 4037 801 4092 i,
821 4036 845 4098 2,
863 4038 884 4084 3.
904 4035 1088 4081 Currmrutarius'
1107 4028 1138 4078 dr
1153 4025 1215 4076 libro
1226 4027 1359 4076 Srutrutia-

220 4146 223 4152 ‚
314 4133 381 4172 nrm.
396 4115 439 4167 lib.
459 4121 496 4184 u,
516 4117 573 4171 dist.
591 4121 634 4188 tt,
647 4128 730 4186 quast.
748 4125 769 4188 i,
788 4131 834 4174 art.
853 4126 875 4173 Ξ.
973 4133 978 4138 “

350 4223 385 4286 (³)
403 4224 522 4294 inpane,
539 4233 583 4276 nrt.
597 4229 619 4276 5.
