3126 5058
223 699 238 728 «
266 666 560 765 particulareme
578 697 672 770 opas,
691 669 874 752 ausiliante
889 671 1072 761 Altissiam,
1086 673 1261 750 delectabi-

223 825 237 856 ιι
270 793 345 866 liter
370 822 540 894 oppressus
566 815 624 869 est.
657 833 672 866 a

267 926 338 994 Hic
373 949 521 1020 quoque
555 943 608 997 est
637 925 749 1024 hujus
779 925 864 998 libri
896 927 1013 1000 finis:
1045 947 1121 1001 non
1161 935 1261 1001 enim

217 1049 264 1121 de
291 1051 391 1120 omni
433 1077 563 1147 genere
594 1053 804 1155 reipublicae
841 1061 1062 1154 compositus
1092 1072 1161 1147 est,
1195 1083 1261 1130 nec

218 1176 264 1247 de
286 1202 508 1275 quacunque
533 1184 675 1253 civitate
702 1181 887 1280 quidquid
913 1182 1190 1282 disceptandum
1216 1189 1263 1258 sit

217 1305 437 1405 disceptare,
467 1310 663 1382 Aristotelis
697 1310 883 1411 exemplo,
906 1311 974 1383 sibi
999 1318 1189 1412 proponit3
1215 1313 1261 1386 ad

217 1440 309 1536 regis
337 1440 631 1514 informationem
657 1457 754 1514 totus
780 1443 1073 1516 accommodatus
1096 1459 1166 1533 est,
1193 1471 1261 1520 nee

218 1565 347 1640 Gallici
370 1573 517 1667 proprie
533 1569 627 1666 regis
648 1571 704 1666 (ut
723 1595 764 1640 ex
785 1570 927 1642 alumni
952 1586 1115 1672 respectu
1140 1573 1262 1646 forsan

217 1693 348 1790 aliquis
371 1694 672 1798 praejudicabit),
703 1697 765 1769 sed
799 1698 969 1769 omniurn
1005 1704 1125 1798 potius
1160 1705 1262 1798 prin-

217 1825 357 1920 cipum,
383 1837 425 1892 ut
450 1827 487 1893 in
511 1825 616 1896 titulo
645 1824 786 1925 profert
805 1826 1036 1926 inscriptum.
1066 1831 1169 1899 Verae
1194 1833 1262 1900 sci-

216 1947 299 2020 licet
316 1949 485 2020 omnium
510 1976 639 2050 regum
660 1951 805 2022 utilitati
829 1951 1014 2024 consulere
1034 1951 1101 2023 sibi
1123 1978 1261 2052 propo·
1371 1943 1375 1954 ’

216 2078 271 2145 nit
286 2077 459 2172 AEgidius,
480 2096 515 2151 et
532 2105 612 2150 eam
636 2104 833 2176 nusquam,
852 2084 922 2152 nisi
944 2079 983 2150 in
1008 2085 1147 2178 optimo
1173 2081 1261 2152 sub-

216 2198 379 2272 ditorum
408 2205 609 2302 regimine,
639 2210 795 2304 positam
821 2231 895 2278 esse
925 2205 1122 2279 contendit.
1155 2209 1261 2306 Opti·

100 2333 108 2352 '
216 2356 320 2401 mum
346 2359 432 2430 ergo
458 2362 599 2432 regem,
629 2362 706 2408 non
733 2336 1006 2408 solertissimum
1030 2337 1093 2432 (ut
1116 2335 1261 2410 duobus

215 2473 297 2557 post
308 2461 447 2534 saeculis
461 2461 677 2560 Machiavel)
698 2465 896 2537 informare
911 2463 1072 2563 suscipit.
1090 2465 1143 2535 Ad
1158 2489 1261 2536 eum-

215 2586 297 2658 dem
311 2588 395 2660 ideo
414 2589 527 2662 finem
543 2591 713 2681 intendit,
736 2591 782 2663 ad
804 2616 914 2688 quem
939 2595 1053 2663 serius
1072 2592 1128 2685 (ut
1151 2597 1261 2664 notis-

215 2719 324 2787 simos
341 2721 545 2814 nominem)
558 2720 851 2817 (1),B0ssuetius,
867 2719 1075 2815 Feneloque
1089 2718 1260 2790 intende·
1329 2709 1332 2715 ’

216 2859 320 2932 runt3
337 2870 451 2942 quem
469 2827 617 2944 quoque
639 2846 707 2919 sibi
730 2848 810 2944 jam
836 2853 1102 2918 constituerant
1134 2844 1259 2920 beatus

215 2969 389 3060 Thomas,
404 2988 440 3043 et
460 2974 598 3070 priores
619 2975 735 3046 mediae
750 2967 1079 3071 aetatis'scriptores.
1188 2965 1191 2972 λ

266 3223 441 3320 Optimus
457 3248 519 3294 rex
532 3248 618 3321 ergo
628 3226 860 3297 informetur.
883 3224 949 3296 Sed
962 3223 1009 3295 ad
1023 3225 1101 3321 ejus
1115 3227 1258 3295 institu-

213 3353 352 3422 tionem
364 3377 529 3448 quunam
544 3357 600 3425 via
616 3353 866 3453 pervenietur?

265 3477 1256 3581 IndeprimaquaestioupudAEgidium,utapudAristo·

103 3687 109 3698 ¹
214 3605 334 3696 telem,
347 3606 393 3678 de
408 3608 627 3706 procedendi
641 3615 776 3680 ratione
801 3623 837 3678 et
853 3613 906 3679 via
922 3611 1051 3694 oritur3
1072 3621 1108 3677 et
1128 3605 1256 3678 eodem

191 3760 290 3834 0quo
304 3730 525 3836 Philosophus
539 3735 651 3808 modo
664 3735 919 3808 difficultatem
933 3733 1040 3806 solvit
1050 3733 1226 3832 AEgidius.
1255 3839 1257 3846 Ι

263 3863 299 3936 Si
320 3859 522 3962 Philosopho
535 3861 699 3935 creditur
712 3865 776 3961 (τι),
800 3887 911 3934 suum
933 3878 985 3934 est
1009 3861 1144 3958 cuique
1170 3860 1256 3933 doc·

248 4101 281 4162 (f)
299 4101 410 4165 Bossuet,
430 4095 548 4168 Politique
564 4099 623 4147 tire'e
639 4095 669 4146 de
684 4089 813 4148 fferam
832 4095 921 4149 sainte.
936 4123 970 4135 -
991 4094 1112 4155 Fenefou,
1132 4093 1257 4142 viret-aaa

209 4205 273 4258 pour
281 4185 305 4234 Ia
315 4187 450 4235 conscience
461 4184 522 4236 d'un
536 4186 584 4240 roi.

248 4280 280 4342 (2)
299 4276 392 4344 Ethica,
406 4275 450 4329 lib.
461 4282 489 4344 1,
504 4293 557 4345 cup.
569 4281 599 4338 33
615 4275 659 4329 fib.
674 4281 710 4343 11,
725 4291 778 4343 oap.
790 4279 813 4325 Ξ.
