3124 5056
692 379 910 464 --·33--w

262 560 488 658 imposuerit,
501 585 619 657 quum
635 572 760 630 contra
773 554 873 654 apud
888 554 1073 650 AEgidium
1090 553 1190 627 nulla
1200 553 1307 628 Tteo-
1351 650 1352 654 Ἰ
1373 517 1375 520 ¹

262 687 419 784 lopoliam
432 691 612 758 virtutum
627 683 690 756 liat
703 687 852 759 mentio.
877 685 911 753 Si
927 697 1050 752 tamen
1067 687 1178 782 ipsius
1192 685 1307 779 Aqui-

260 819 352 888 natis
382 814 558 888 moralem
585 813 791 886 doctrinam
817 836 901 882 cum
928 817 1093 908 priorum
1135 815 1307 884 institutis
1333 891 1338 902 ,

260 929 439 1033 conferes,
465 945 542 1041 jam
570 947 610 1014 in
637 968 678 1014 eo
710 939 811 1012 facile
841 964 1012 1036 agnosces
1043 939 1157 1036 legem
1183 945 1306 1012 minus

261 1098 421 1146 severam
434 1073 567 1171 cuique
580 1071 735 1170 imponi,
749 1074 1002 1166 minoremque
1016 1095 1101 1167 erga
1114 1068 1201 1141 alios
1216 1077 1308 1143 cari-

157 1258 160 1264 .
261 1217 370 1271 tatem
391 1203 547 1298 praecipi.
571 1201 699 1290 Quum
724 1201 824 1270 enirn
847 1196 1046 1268 Aristotelis
1072 1196 1117 1268 de
1135 1197 1306 1270 modesto

261 1353 388 1400 rerum
401 1353 467 1398 usu
478 1326 682 1397 doctrinam
693 1329 891 1397 necessario
902 1323 1177 1422 approbandam
1192 1341 1305 1424 putet,

255 1459 332 1554 jam
347 1482 424 1530 non
444 1455 554 1530 rebus
574 1454 766 1544 abstinere,
789 1470 853 1526 aut
875 1451 999 1526 saltem
1020 1480 1130 1551 quam
1155 1454 1306 1526 minime

262 1591 328 1676 uti,
349 1584 516 1684 praecipit
530 1581 703 1672 Thomas,
718 1581 780 1654 sed
796 1583 839 1654 iis
856 1587 939 1654 satis
952 1581 1050 1681 large
1066 1587 1132 1672 uti,
1153 1584 1306 1681 nequid

260 1712 370 1784 modo
394 1718 440 1784 sit
465 1713 584 1800 nimis,
609 1708 777 1782 concedit
798 1710 861 1807 (1)
889 1713 1017 1802 Quum
1044 1715 1307 1783 rursusanimi

259 1841 455 1913 Humilitas
481 1839 664 1914 Aristoteli
689 1838 876 1936 incognita
896 1840 1031 1927 ¹fuerit,
1055 1839 1130 1936 jam
1162 1865 1237 1911 non
1265 1841 1305 1911 in

232 1951 234 1955 ¹
258 1967 465 2042 Christiano
478 1969 534 2042 sui
545 1967 732 2069 despectu,
747 1965 809 2038 sed
824 1971 862 2072 in
880 1983 975 2038 recta
989 1969 1044 2038 sui
1065 1968 1304 2040 aestimatione

259 2096 501 2170 humilitatem
518 2101 710 2170 consistere
723 2095 812 2168 dicit
828 2097 1009 2192 Aquinas3
1028 2096 1128 2168 unde
1144 2095 1305 2192 dignita-

259 2231 301 2298 tis
324 2243 455 2299 nostrae
478 2231 574 2298 inter
597 2224 766 2300 homines
792 2231 973 2297 rationem
997 2223 1123 2316 hahet,
1149 2243 1184 2298 et
1208 2227 1303 2317 ideo,

191 2392 193 2398 s
259 2380 336 2426 non
360 2360 434 2454 regi
456 2371 614 2444 tantum,
639 2355 699 2427 sed
723 2359 833 2426 etiam
856 2355 1018 2454 privatis,
1036 2378 1103 2454 pro
1127 2355 1305 2453 cujusque

259 2499 365 2572 statu,
378 2481 656 2582 magnificentiae
670 2482 860 2581 indulgere
876 2481 1068 2583 permittit,
1082 2481 1305 2582 eleemosynar-

258 2639 323 2713 que
340 2612 544 2712 largitiones
560 2615 795 2702 imminuere,
819 2628 861 2684 ut
884 2627 1048 2684 servetur
1064 2637 1303 2715 personarum
1392 2649 1394 2652 ·
1431 2689 1435 2701 Ι

258 2744 512 2812 convenientia
527 2741 589 2835 (2).
605 2739 704 2812 Idem
725 2739 894 2837 denique,
917 2765 1033 2838 riuum
1050 2739 1094 2811 de
1105 2739 1303 2812 Clementia

257 2869 332 2940 fere
346 2867 448 2948 nulla
463 2866 594 2938 dixerit
615 2868 821 2939 Aristoteles
843 2869 883 2938 in
899 2866 1046 2956 Ethica,
1063 2868 1302 2940 Clementiam

257 2995 437 3067 instricta
460 2995 602 3067 sceleris
622 3020 815 3093 poenaeque
836 2995 1138 3093 compensatione,
1162 3012 1303 3068 remoto

258 3140 402 3196 tantum
431 3123 493 3194 irae
521 3123 679 3222 impetu,
710 3121 773 3194 secl
805 3123 955 3220 quaesita
991 3121 1092 3193 nulla
1126 3122 1303 3222 parcendi

257 3277 374 3341 causa,
390 3269 555 3324 constare
570 3249 739 3340 affirmat,
753 3276 818 3323 nec
834 3252 948 3350 ipsam
962 3251 1181 3326 condemnat
1196 3257 1299 3338 iram,

257 3380 460 3452 dummodo
475 3379 628 3458 modum
645 3377 856 3451 rationalem
871 3403 946 3450 non
963 3379 1109 3451 excedat
1125 3381 1186 3474 (3).

294 3703 327 3771 (1)
345 3709 442 3756 Summa
465 3702 625 3771 Theologica‚
647 3707 671 3752 2⁰
688 3706 728 3770 2³,
747 3711 829 3768 quest.
850 3706 905 3764 111,
924 3712 970 3756 art.
989 3707 1012 3756 3.
1024 3702 1190 3771 -AEgidius,
1208 3705 1253 3757 lib.
1278 3711 1298 3772 t,

259 3812 314 3863 pars
326 3799 349 3861 1,
363 3811 417 3862 cap.
428 3798 464 3846 15.

154 3955 157 3960 1
292 3889 324 3960 (1)
343 3896 441 3944 Summa
453 3890 587 3958 Theologiae
595 3888 608 3958 ‚'
616 3895 641 3940 1·
654 3895 693 3954 1,,
708 3901 793 3958 quest.
804 3895 840 3953 31,
852 3899 897 3944 art.
909 3895 931 3940 6.
943 3918 978 3930 -
987 3891 1108 3958 AEgidius,
1119 3891 1161 3942 lib.
1174 3896 1196 3952 1,
1207 3907 1262 3959 pars
1276 3896 1298 3959 t,

259 3998 313 4048 cap.
325 3984 352 4030 10
369 3990 393 4030 et
410 3983 446 4033 tt.
1110 3990 1112 3995 ’

294 4082 328 4146 (3)
346 4084 442 4132 samma
454 4080 590 4148 'theologie
600 4117 607 4141 ,
617 4083 642 4129 1·
653 4083 693 4148 aa,
704 4088 787 4147 quaest.
799 4083 838 4129 157
851 4089 872 4130 et
886 4097 936 4146 seq.
947 4109 981 4120 -
991 4080 1104 4148 AEgidius,
1118 4079 1162 4134 lib.
1173 4083 1196 4141 1,
1208 4081 1299 4147 parsi,

258 4185 311 4236 rap.
324 4173 350 4219 to
359 4179 383 4219 et
394 4173 429 4219 111.

1174 4301 1190 4347 3
