3126 5058
752 420 918 522 '‘8.'·'

313 613 355 670 ut
368 596 551 696 AEgidium
573 599 650 694 jani
666 601 915 670 Cartesianum
940 622 1065 696 sapere
1087 595 1268 685 dicamus3
1293 597 1355 670 sed

315 727 558 800 nihilominus
576 743 627 800 est
639 727 677 798 in
691 727 789 798 illius
804 731 915 800 aetatis
929 731 1108 826 Episcopo
1129 726 1354 818 notandum,

265 857 266 861 ’
311 857 412 954 quod
445 856 603 953 aliquam
638 880 762 926 rerum
791 853 1044 926 humanarum
1068 858 1253 926 scientiam
1282 854 1355 928 sola

311 989 452 1057 ratione
464 988 681 1056 constituere
693 983 899 1082 susceperit.
1382 960 1392 970 ’

360 1117 443 1186 Duo
459 1117 697 1204 sunt'tamen,
712 1137 804 1211 quos
820 1112 929 1186 (luces
945 1116 1121 1210 sequitur,
1135 1127 1204 1184 eta
1220 1109 1355 1210 quihus

310 1247 469 1343 separari
491 1258 647 1340 nequeat
666 1271 685 1314 :.
703 1268 813 1331 unus,
835 1267 945 1339 quem
968 1267 1150 1338 nusquam
1174 1241 1353 1332 nominat,

310 1377 441 1446 Beatus
461 1370 635 1460 Thomas,
659 1371 764 1468 cujus
785 1369 975 1470 plerasque
997 1369 1042 1441 de
1068 1368 1229 1441 moribus
1252 1381 1288 1440 et
1308 1367 1355 1439 de

309 1502 445 1576 familia
459 1506 652 1574 sententias
671 1502 782 1572 tuitus
795 1516 866 1590 est;
886 1499 988 1589 alter,
1004 1525 1116 1597 quem
1137 1502 1355 1596 magistrum
1382 1514 1385 1520 ’

311 1646 438 1731 aperte
465 1628 680 1730 profitetur,
703 1628 909 1702 Aristoteles
932 1627 1081 1718 scilieet,
1104 1652 1218 1723 quem
1238 1626 1356 1700 admi-

310 1758 471 1840 randum
501 1757 858 1858 approbandumque
881 1754 927 1828 ab
952 1759 1137 1855 Aquinate
1156 1770 1354 1856 exceperat,

273 1860 275 1866 Ι
309 1903 345 1958 et
358 1886 465 1983 cujus
480 1885 650 1982 dogmata
664 1891 703 1957 in
719 1890 888 1957 omnium
903 1885 978 1956 feie
993 1884 1242 1985 capitulorum
1253 1883 1356 1984 prin·

309 2018 403 2114 cipio
419 2015 574 2114 profert,
592 2013 888 2112 aigumentisque
908 2011 1160 2085 confirmanda
1182 2018 1353 2112 suscipit,

307 2169 350 2214 ex
362 2142 442 2240 ipso
452 2141 672 2241 plerumque
684 2142 815 2214 ductis.
829 2146 910 2214 Non
923 2147 1045 2213 minus
1059 2145 1171 2239 igitur
1182 2143 1355 2214 Aristote·

309 2267 353 2342 lis
365 2294 476 2365 quam
494 2267 645 2340 Thomae
656 2270 788 2359 fautor,
799 2267 848 2341 ab
864 2283 1022 2366 utroque
1033 2294 1073 2341 ex
1088 2294 1194 2365 aequo
1207 2269 1353 2367 pendet,

310 2395 370 2468 sed
384 2397 525 2493 integra
538 2395 672 2492 judicii
689 2394 853 2470 libertate
860 2426 869 2486 ;
885 2412 932 2484 et,
947 2421 1163 2494 quanquam
1177 2422 1271 2486 rare,
1287 2396 1355 2470 ali*-

309 2524 460 2622 quando
482 2539 613 2614 tamen,
628 2540 664 2596 et
683 2529 721 2597 in
749 2526 930 2614 maximis,
943 2525 989 2596 ab
1006 2499 1164 2622 utroque
1176 2524 1352 2598 diversus.

360 2710 417 2784 Ad
436 2715 558 2811 ipsum
582 2711 823 2784 evolvendum
846 2737 940 2814 opus
962 2738 1063 2784 nune
1092 2711 1241 2784 tandem
1268 2737 1355 2813 pro-

310 2839 532 2934 grediamur.

365 3051 379 3082 ιι
412 3019 480 3114 Qui
505 3026 539 3092 iu
568 3048 602 3093 se
636 3036 668 3092 et
691 3025 726 3092 in
753 3025 820 3092 suis
845 3017 1085 3120 posterioribus
1110 3019 1221 3120 filiu,
1241 3037 1283 3093 ut
1302 3021 1355 3092 ait

315 3183 329 3212 ιι
359 3150 523 3248 AEgidius
538 3155 577 3221 in
597 3149 790 3250 proaemio,
807 3176 906 3222 suum
919 3156 1147 3250 principatum
1161 3156 1356 3224 continuari

314 3308 329 3339 ιι
359 3278 531 3364 desiderat,
546 3303 676 3348 summo
694 3303 792 3378 opere
813 3278 943 3350 studere
959 3274 1052 3350 debet
1068 3293 1105 3349 ut
1123 3283 1165 3350 sit
1179 3304 1275 3349 suum
1301 3306 1354 3350 re-

314 3437 329 3468 ιι
358 3411 471 3503 qimen
508 3405 672 3477 naturale.
707 3409 895 3506 Nunquam
936 3421 1048 3477 atatem
1084 3407 1248 3479 naturalis
1280 3412 1354 3508 quis

314 3567 328 3597 ι
359 3551 467 3606 rector
480 3533 631 3634 efficitur,
649 3538 677 3605 si
688 3538 844 3633 passione
863 3547 924 3603 aut
940 3530 1107 3604 uoluntate
1126 3539 1240 3633 cupiat
1252 3539 1354 3634 prin-

313 3695 328 3727 ιι
358 3670 465 3764 cipnri
473 3697 485 3750 ;
501 3667 558 3736 sed
570 3671 611 3752 si,
629 3680 734 3737 custos
744 3669 832 3763 justi
847 3668 998 3750 existens,
1020 3661 1143 3766 abque
1166 3671 1295 3738 ratione
1311 3692 1354 3737 ex

308 3823 327 3896 ¹a
359 3795 427 3890 leqe
443 3789 529 3864 nihil
542 3809 664 3864 statuat
678 3794 924 3892 imperandum.
948 3827 962 3858 n

357 3926 443 3994 Haec
472 3937 525 3994 est
549 3946 674 4008 causa,
714 3945 780 3994 cui·
819 3951 834 3982 ιι
863 3947 905 3993 ex
931 3927 1139 4022 requisitione
1162 3923 1296 3996 honesta
1321 3940 1353 3995 et

311 4081 325 4112 ιι
357 4047 521 4121 laudabili
547 4054 630 4147 reqii
646 4053 799 4146 juvenis,
828 4066 861 4121 et
883 4053 1096 4150 suffrapante
1119 4051 1207 4126 bono
1232 4060 1348 4153 pontis,

311 4209 326 4240 ιι
356 4178 447 4278 quod
459 4193 505 4249 est
518 4179 663 4254 divinius
681 4192 711 4252 et
724 4167 934 4250 communius
952 4204 1055 4278 quum
1073 4178 1197 4254 bonum
1215 4180 1352 4282 aliquod
