3124 5056
739 449 929 514 ..56-

310 610 476 716 quoque,
499 633 535 690 et
549 634 727 719 tyranno,
755 619 823 693 hoe
836 620 1042 693 affirmatur
1057 621 1120 716 (1).
1146 652 1161 683 ι
1179 595 1359 694 Μὶηἱειιὺέ

312 778 326 807 ιι
346 749 414 819 Dei
424 763 583 844 tyrannos
593 775 658 820 esse
671 774 737 818 non
750 749 888 847 abnepn,
904 775 985 850 quos
983 778 1002 847 J
1008 765 1078 820 usto
1091 774 1150 821 suo
1149 749 1280 846 judicio
1287 777 1354 822 esse

311 904 326 936 ιι
344 873 465 960 voluit,
494 901 556 974 per
582 901 664 976 quos
682 883 886 976 punirentur
895 892 926 950 et
938 882 1185 974 corriperentur
1199 876 1282 946 mali
1288 931 1296 962 ,
1320 893 1355 949 et

312 1035 326 1065 ιι
345 1019 577 1074 exercerentur
591 999 679 1074 boni.
689 1057 697 1074 .
707 1059 733 1075 ..
747 1003 882 1076 Electus
894 1021 939 1076 est
949 1004 1047 1091 Saul,
1063 1010 1121 1103 qui
1136 1020 1240 1075 totum
1250 1031 1352 1105 popu·

312 1160 326 1190 ιι
349 1131 417 1201 lum
440 1136 604 1202 seruitutis
628 1147 790 1231 premeret
811 1135 914 1230 juqo;
944 1133 1029 1204 idem
1062 1148 1171 1202 tumen
1202 1129 1351 1210 Cluistus

313 1289 328 1323 ιι
348 1263 493 1332 Domini
506 1262 611 1332 dictus
622 1277 677 1351 est,
692 1279 724 1333 et
747 1263 956 1361 tyrannidem
969 1287 1122 1334 exercens
1137 1266 1266 1358 repium
1282 1287 1349 1334 non
1426 1357 1429 1366 ι

314 1420 328 1452 ιι
348 1362 687 1460 αηιὶεἱιίιοηονεηι....’
705 1423 718 1454 ι
750 1394 870 1462 ADeo
884 1395 997 1488 igitur
1019 1389 1202 1489 principes
1224 1415 1350 1460 omnes

308 1521 345 1589 in
367 1518 631 1610 Salisheriensi,
655 1524 748 1592 sicut
768 1519 808 1590 in
828 1518 1024 1619 prioribus,
1037 1520 1227 1607 oriuntur3
1255 1519 1293 1590 in
1306 1545 1349 1592 eo

309 1663 429 1718 tumen
453 1655 505 1718 'est
524 1645 669 1744 aliquiS,
695 1654 759 1745 qui
782 1653 819 1720 in
843 1645 1130 1747 praecedentibus
1153 1672 1227 1718 non
1247 1672 1351 1746 appa-

308 1777 398 1860 ruit,
420 1773 606 1874 popularis
637 1800 836 1847 consensus
864 1800 965 1864 usus,
994 1772 1038 1844 ad
1068 1772 1347 1873 proeiiciendunr

308 1900 512 2002 principem
540 1905 790 1976 concurrentis
806 1905 878 2000 (2):
902 1935 916 1966 ιι
930 1905 973 1974 In
1002 1907 1103 1974 veteri
1134 1907 1224 1973 enirn
1250 1916 1348 1972 testa·
1380 1925 1387 1935 ·
1449 1909 1458 1924 ”

314 2059 327 2090 ιι
350 2045 460 2101 ntento
476 2031 594 2128 lepitur
617 2037 697 2131 quia
714 2036 861 2126 Moyses,
888 2059 993 2134 qrturn
1018 2031 1189 2102 ordinatus
1202 2031 1278 2127 fuit
1292 2033 1350 2126 qui

313 2189 327 2222 ιι
346 2175 496 2258 praeesset
507 2161 843 2259 popul0,conuoeauit
853 2187 986 2233 omnem
997 2176 1252 2262 synapopam,et
1264 2158 1350 2231 eiec-

313 2315 327 2346 ι
347 2286 477 2382 tusfuit
490 2288 639 2360 adstante
650 2289 787 2389 populo,
801 2317 843 2360 ne
858 2316 925 2391 qua
936 2264 1147 2388 postmodum
1161 2292 1351 2360 retractatio

267 2409 270 2415 ’
313 2443 327 2475 ι
346 2419 522 2515 cuiquam,
537 2443 578 2486 ae
594 2421 666 2516 quis
683 2417 854 2517 scrupulus
877 2418 1073 2490 resideret.»
1100 2415 1169 2490 Sed
1191 2412 1285 2486 nihil
1300 2431 1352 2486 est

308 2542 495 2642 populeris
538 2550 602 2618 iste
640 2571 858 2636 consensus,
889 2550 957 2617 nisi
995 2544 1139 2617 debitus
1175 2542 1351 2616 voluntati

307 2667 459 2758 divinae,
488 2697 552 2770 per
566 2673 767 2746 secerdotes
781 2673 994 2760 manifestae,
1019 2643 1152 2768 populi⁸
1162 2692 1326 2754 assensus
1340 2693 1348 2738 :

313 2825 327 2857 ιι
343 2813 482 2895 potestas
495 2804 526 2870 ei
543 2800 702 2871 trudendo
718 2817 765 2872 est
778 2827 876 2902 quem
890 2801 1024 2899 judicio
1036 2798 1243 2870 sacerdotum
1258 2797 1351 2866 Deus

314 2927 552 3024 udesipaauiu·
571 2963 585 2992 ιι
622 2955 743 3028 regem
770 2955 882 3028 quem
908 2925 1350 3023 Denselegitagnoseere,

309 3052 435 3153 illique
468 3056 616 3129 obedire
641 3058 771 3158 populi
811 3057 966 3148 debent,
996 3055 1083 3154 quia
1112 3057 1189 3126 Deo
1217 3051 1353 3125 debent

309 3182 578 3284 obtemperare,
601 3191 667 3282 qui
688 3212 776 3258 eum
802 3212 868 3286 pro
883 3184 1018 3258 vicario
1032 3182 1348 3282 surnpsit,eique,

308 3316 402 3384 sicut
417 3312 484 3385 sibi
501 3315 586 3414 ipsi,
602 3312 766 3386 homines
786 3339 912 3415 parere
922 3314 1043 3412 jussit.

265 3515 267 3519 ,
358 3423 439 3512 Non
480 3442 547 3514 elin
576 3462 629 3515 est
659 3442 771 3515 saneti
803 3441 996 3528 Bernardi,
1028 3443 1121 3512 Petri
1151 3436 1347 3512 Lombardi

306 3570 545 3660 Novaniensis,
562 3570 735 3644 Guilelmi
758 3569 911 3657 Persidi,
924 3567 1107 3641 Vincentii
1128 3567 1350 3640 Bellovacen·

305 3697 371 3787 sis,
392 3715 426 3769 et
442 3704 556 3771 sancti
577 3703 841 3770 Bonaventurae
857 3695 1025 3768 doctrina
1045 3696 1116 3790 (3);
1141 3690 1212 3764 hoe
1239 3696 1351 3788 igitur

341 3962 373 4034 (t)
394 3965 445 4015 Lib.
459 3970 534 4032 vttt,
549 3981 602 4032 cup.
616 3968 652 4016 ts.

343 4051 374 4124 (Ξ)
393 4054 446 4106 Lib.
461 4058 493 4116 V,
507 4071 562 4122 cap.
576 4059 601 4108 6.

341 4145 375 4210 (3)
393 4148 492 4196 Sanctio
513 4149 694 4211 Beneventum,
715 4147 752 4194 De
773 4142 836 4195 libro
853 4143 1023 4195 sententiarum
1037 4141 1239 4204 commentarius,
1252 4140 1294 4192 lib.
1308 4143 1349 4202 11,

305 4231 425 4284 distinctio
440 4235 476 4296 u,
490 4243 536 4286 nrt.
549 4237 572 4300 2,
588 4233 689 4302 questio
701 4235 724 4286 t.
