3124 5056
652 493 846 556 ..ὖ-ι..

228 636 401 745 contendi
440 697 542 771 posse
577 669 743 757 videtur,
782 666 923 740 nuliam
964 667 1071 738 aliani
1109 649 1273 768 potestati

227 800 426 897 originem,
463 803 534 872 nisi
557 799 720 870 divinam
756 795 998 883 voluntatem,
1039 822 1058 865 a
1090 795 1276 894 prioribus

226 930 334 1000 Beato
365 925 509 1000 Thoma
544 925 784 1026 scriptoribus
821 929 1035 1020 assignatam
1072 923 1183 996 fuisso
1208 925 1273 1020 (1)

227 1056 304 1152 (etsi
325 1053 508 1154 popularis
528 1079 723 1127 consensus
741 1053 863 1151 aliqua
880 1056 1016 1124 mentio
1038 1051 1131 1124 iacta
1151 1053 1274 1148 fucrit)

227 1209 295 1254 nec
319 1182 393 1253 ulla
415 1183 485 1253 alia
511 1208 617 1254 causa
638 1181 803 1254 subditos
828 1181 1040 1280 principum
1061 1179 1275 1252 obedientiae

150 1401 154 1414 ι
227 1312 415 1384 adstrictos
438 1313 567 1400 inisse,
593 1337 706 1409 quarn
730 1313 850 1384 debita
868 1309 1014 1408 jubenti
1038 1312 1113 1380 Deo
1134 1309 1275 1382 obtem-

227 1442 444 1537 peratione(
468 1442 493 1534 ).

279 1569 528 1637 Versaautem
558 1565 598 1637 in
627 1565 785 1637 latinum
816 1589 1040 1652 sermonem,
1068 1579 1103 1636 ct
1128 1562 1274 1662 publice

229 1697 405 1791 exposita,
445 1693 645 1765 Aristotelis
680 1692 845 1780 Politica,
880 1691 1029 1762 alteram
1067 1690 1274 1763 doctrinam

228 1821 383 1919 protulit
399 1825 580 1919 Aquinas,
594 1848 738 1920 quamc
755 1819 978 1920 Philosopho
991 1819 1121 1914 hausit,

278 1953 470 2022 Sacrorum
509 1950 658 2047 quidem
689 1947 869 2021 Codicum
909 1953 1159 2020 auctoritatem
1199 1975 1275 2020 non
1343 2039 1345 2046 Ι

229 2078 386 2172 respuit,
417 2099 621 2169 eorumque
646 2079 912 2178 sententiarum
935 2099 971 2144 se
1003 2090 1168 2144 tenacem
1201 2098 1275 2145 esse

229 2203 362 2294 voluit,
388 2204 466 2292 scd,
486 2231 605 2304 quum
629 2205 735 2276 variis
757 2204 1117 2304 interpretationibus
1138 2190 1273 2276 habilia

228 2348 345 2403 essent
371 2329 497 2420 verba,
522 2356 561 2402 ea
588 2358 671 2428 quaa
695 2337 830 2432 priores
857 2349 1033 2430 tanquam
1054 2332 1100 2404 de
1122 2331 1274 2428 singulis

228 2459 440 2559 potentibus
453 2460 547 2531 dicta
564 2465 789 2560 interpretati
805 2477 928 2550 crant,
952 2465 1028 2560 ipse
1041 2476 1213 2556 tanquam
1228 2458 1274 2530 de

229 2589 1271 2696 protestatein.uuiversumconsideratainterpretatusest.

227 2720 339 2814 Ergo,
361 2719 390 2789 si
410 2717 463 2798 itti
483 2717 655 2806 creditur,
677 2717 797 2788 omnis
818 2715 970 2814 quidem
987 2731 1141 2816 potestas
1159 2741 1178 2786 a
1200 2718 1275 2786 Deo

228 2859 297 2933 cst,
315 2843 377 2916 sed
388 2860 542 2943 potestas
554 2849 651 2943 ipsa,
667 2861 789 2915 atnon
806 2845 1042 2942 potentes(3).
1057 2848 1274 2915 Potestatem
1309 2907 1311 2912 .

229 2973 378 3072 quidem
392 2977 430 3045 in
444 2971 641 3046 hominum
662 2979 829 3046 societate
848 2979 1002 3046 exerceri
1019 2974 1132 3045 voluit
1154 2977 1271 3062 Deus,
1356 3041 1358 3046 ,

262 3225 295 3290 (i)
313 3223 401 3275 Confer
413 3240 468 3274 cum
479 3223 541 3274 libro
554 3187 679 3294 inscripto,
688 3224 758 3274 Essai
770 3223 900 3296 historique
912 3234 935 3272 et
943 3223 1040 3294 critique
1046 3242 1090 3274 sur
1096 3223 1121 3273 {a
1132 3225 1274 3294 snpre'mmie

228 3309 364 3384 temporelle
376 3311 410 3362 du
424 3317 490 3384 Papa
497 3325 519 3362 et
526 3313 557 3362 do
566 3308 677 3384 l'ngltse,
693 3332 737 3383 par
746 3320 783 3370 M.
797 3312 876 3365 i'abbe
885 3316 960 3382 Affre,
969 3315 1008 3369 clt.
1022 3320 1059 3368 2³.
1069 3315 1188 3382 (Amicus,
1197 3318 1272 3379 ists.)

265 3438 296 3510 (Ξ)
315 3441 369 3490 Atia
381 3449 460 3490 tamen
473 3450 509 3491 est
522 3441 642 3508 potestatis
658 3443 727 3507 regiae
743 3441 823 3508 origo,
838 3441 856 3490 si
869 3441 987 3505 Gregorio
1000 3442 1105 3508 septimo
1121 3443 1233 3509 creditur,
1248 3442 1272 3492 in

227 3527 333 3595 Epistola
342 3528 371 3576 ad
383 3533 549 3579 Hermannum
557 3531 701 3596 Episcopum
713 3546 719 3579 τ
731 3529 793 3578 itanc
802 3528 866 3578 enirn
882 3545 896 3577 a
910 3528 1008 3580 diabolo
1022 3539 1109 3589 ortam,
1122 3539 1145 3578 et
1161 3529 1272 3596 superbia
1324 3578 1326 3582 .

227 3615 351 3667 hominum
370 3615 491 3666 inventam
510 3618 610 3668 affirmat
628 3620 742 3686 (fleury,
754 3620 859 3668 Histoire
875 3616 1080 3688 ecclesiastique);
1098 3635 1172 3684 quum
1189 3629 1271 3670 contra

227 3705 346 3754 Hernicus
366 3705 498 3771 imperator
515 3723 540 3756 se
555 3707 651 3775 abipso
669 3712 721 3757 Deo
741 3707 872 3756 institutum
890 3707 1025 3760 contendat.
1052 3707 1165 3774 Sequenti
1186 3708 1272 3757 seculo

227 3791 510 3864 A1·naldus(eitrcscia)
524 3811 589 3861 reges
608 3805 748 3864 potestatem
767 3811 834 3847 suam
848 3811 861 3846 a
877 3800 930 3846 Deo
946 3805 1027 3846 tenere
1045 3796 1186 3864 profitetur;
1205 3795 1271 3846 unde

226 3882 339 3946 Romani,
352 3873 396 3932 itti
404 3889 511 3950 auctore,
523 3884 554 3934 ad
567 3885 703 3937 Conradum
716 3887 885 3952 imperatorem
898 3883 934 3934 his
944 3885 1021 3936 verbis
1034 3884 1142 3936 scribunt
1151 3899 1177 3935 :-
1188 3921 1228 3938 ....
1241 3888 1270 3934 Et

228 3992 242 4018 a
260 3972 358 4038 quidem
375 3985 475 4038 regnum
493 3983 517 4022 et
535 3974 662 4041 imperium
681 3981 861 4034 Romanorum,
877 3987 958 4025 vestro
974 3976 1085 4041 regimini
1104 3991 1118 4024 a
1138 3978 1191 4024 Deo
1211 3990 1269 4024 cou-

227 4081 241 4106 α
261 4077 362 4128 cassum,
376 4059 480 4112 extitere
492 4071 515 4112 et
526 4062 673 4132 amplificare
682 4065 813 4131 cupientes.
824 4083 837 4109 ν

507 4153 515 4207 i
523 4151 677 4226 Maimbourg
686 4190 693 4219 ‚
706 4151 808 4200 Histoire
823 4147 853 4200 de
862 4149 888 4200 ln
897 4149 1031 4202 decadcnce
1039 4149 1069 4200 de
1085 4149 1233 4218 I'Empire.)

262 4271 294 4343 (3)
314 4277 505 4328 Commentarius
515 4277 545 4328 de
556 4277 669 4348 Epistoiis
681 4278 755 4330 sancti
765 4278 833 4330 Pauli
844 4277 874 4328 ad
882 4283 1013 4345 Romanos,
1026 4293 1080 4347 cap.
1095 4281 1131 4331 1³.
