3126 5058
658 511 823 576 ..5-

185 747 188 756 ,
216 678 328 756 uibus
348 680 490 760 ordinis
506 688 562 762 sui
579 682 775 758 lectoribus
796 703 831 758 et
852 682 1084 757 studentibus
1106 706 1182 756 esse
1204 711 1261 756 re-

216 807 443 909 cipiendam·
476 826 513 884 et
550 812 805 886 inviolabiliter
850 801 1126 885 observandam.
1177 813 1260 884 Mox

216 964 315 1012 auno
337 959 497 1030 rtcexctl,
520 940 637 1039 plenis
658 941 799 1014 ordinis
818 947 875 1020 sui
891 942 1046 1014 comitiis
1059 945 1183 1012 Rornae
1198 939 1264 1011 ha·

218 1065 313 1156 bitis,
335 1067 436 1140 Prior
457 1066 643 1140 Generalis
664 1071 851 1141 communi
874 1070 1049 1167 suffragio
1075 1075 1265 1142 renuntia-

217 1213 276 1268 tus
292 1213 362 1285 est;
386 1222 461 1294 quo
484 1213 607 1272 tamen
629 1223 786 1271 munere
809 1216 888 1299 post
913 1203 1113 1270 triennium
1135 1214 1265 1296 sponte

215 1324 459 1398 seabdieavit.

268 1585 378 1660 Anno
408 1605 587 1677 nccxcw,
619 1567 801 1687 satagente
822 1587 867 1658 ad
895 1585 932 1658 id
963 1583 1134 1686 Phiiippo
1161 1613 1264 1684 rege,

218 1741 238 1784 a
256 1715 439 1786 Bonifacio
455 1717 588 1788 Octavo
605 1718 681 1811 (cui
698 1717 902 1788 admodum
916 1738 1021 1788 carus
1034 1730 1122 1804 erat,
1139 1715 1265 1812 enjus-

219 1869 291 1939 que
308 1843 521 1916 slectionem
536 1844 580 1916 ad
596 1844 867 1934 Pontificatum,
879 1844 974 1916 edita
989 1844 1153 1944 apologia
1166 1845 1206 1914 de
1217 1871 1268 1914 re-

164 1953 168 1959 *
218 1976 430 2044 nuntiatione
444 1975 560 2072 Papo,
575 1989 713 2044 tutatus
734 1975 836 2067 erat),
853 1969 1266 2046 Biturieensiumtlrchi-

219 2102 423 2201 episeopus,
441 2121 476 2173 et
491 2105 696 2200 Aquitaniae
710 2105 848 2176 Primus
862 2105 1078 2174 constitutus
1093 2116 1156 2172 est.
1183 2104 1267 2172 Mox

219 2246 359 2320 tamen,
380 2257 497 2327 quum
519 2238 754 2329 interregem
778 2251 814 2304 et
833 2233 1031 2304 Summum
1052 2229 1265 2303 Pontificem

219 2366 351 2436 exarsit
381 2359 610 2461 implacabile
636 2363 877 2450 dissidium,
868 2389 908 2436 tn
941 2363 1033 2460 regis
1062 2387 1269 2462 propugna-

166 2489 168 2498 ’
220 2496 356 2566 tionem
397 2481 535 2566 librum
577 2492 803 2593 perscripsit,
837 2495 891 2565 De
930 2497 1078 2592 Utraque
1111 2499 1268 2587 potestate

221 2618 417 2709 dictum,
408 2647 547 2718 inquo
576 2620 742 2719 probavit
770 2637 947 2721 utrumque
973 2635 1166 2719 potestatem
1191 2645 1267 2691 etse

220 2746 442 2838 distinctam,
458 2775 524 2822 nee
541 2753 749 2822 Romanum
766 2747 982 2824 Pontificem
999 2748 1118 2819 ullum
1133 2746 1266 2819 lubere

220 2874 430 2947 dominium
445 2881 483 2946 in
509 2903 636 2972 regum
662 2893 698 2948 et
727 2881 937 2976 prinoipem
965 2875 1175 2975 temporalia.
1203 2879 1267 2947 Ru·

221 3030 320 3076 mam
337 3003 593 3094 nihilominus,
610 3006 725 3078 invito
737 3032 831 3103 rege,
853 3005 898 3076 ad
917 3005 1115 3078 concilium
1131 3031 1150 3074 a
1166 3007 1269 3077 Boui-

222 3133 313 3205 l'acio
336 3153 588 3222 convocatum,
603 3160 688 3206 cum
699 3133 943 3231 quadraginta
958 3153 992 3204 et
1006 3139 1175 3231 quinque
1190 3133 1267 3204 aliis

221 3252 420 3366 Episcopis,
434 3263 508 3334 fere
522 3261 646 3334 eodem
663 3277 841 3362 tempore,
850 3289 886 3336 se
900 3263 1096 3337 contulisse
1109 3260 1265 3336 videtur.

271 3391 463 3490 Reliquam
488 3409 585 3464 certe
610 3397 735 3480 vitam,
757 3391 870 3462 redux
894 3391 993 3490 apud
1009 3392 1201 3487 Bituriges,
1227 3391 1266 3461 in
1381 3439 1389 3454 i
1495 3445 1501 3456 ,

222 3519 429 3590 litterarum
446 3518 580 3610 studi0,
596 3537 631 3592 et
649 3519 689 3590 in
710 3519 852 3590 assidua
879 3523 995 3618 gregis
1011 3522 1067 3590 sui
1081 3544 1169 3590 cura
1183 3543 1285 3591 con·.

222 3653 395 3746 sumpsit,
422 3649 470 3717 ita
496 3665 548 3738 ut,
574 3647 662 3745 regii
685 3647 792 3744 juris,
823 3671 940 3744 quum
971 3665 1267 3746 oppugnaretur,

222 3775 403 3863 defensor,
432 3779 471 3845 in
499 3775 541 3844 iis
571 3800 654 3870 quae
677 3771 835 3873 Philippi
865 3799 1022 3872 regnum
1053 3771 1269 3848 dehonesta—
1346 3869 1349 3876 Ι

224 3930 317 3994 vere,
331 3930 523 4002 nunquam
541 3907 741 3976 innotuerit
757 3905 819 3999 (1).

261 4220 294 4283 (t)
312 4221 657 4287 Omnesquotnoutinttimns
668 4220 792 4286 deAEgidii
807 4219 852 4270 rita
865 4221 1002 4288 scriptores,
1012 4219 1102 4269 librum
1117 4223 1152 4268 Da
1170 4224 1272 4290 Utraque
1290 4188 1293 4194 Ι

223 4319 342 4384 potestate
353 4310 442 4364 dietum
452 4310 473 4362 ei
487 4310 617 4362 attribuere
626 4327 636 4388 g
649 4318 672 4364 et
685 4309 729 4362 tuh
744 4310 850 4380 ejusden
859 4312 957 4364 nannius
973 4309 998 4364 iu
1016 4309 1195 4362 secundamus
1212 4315 1272 4364 us·
