3124 5056
615 464 805 532 ..31-

192 643 288 732 teles,
305 646 370 740 qui
391 639 484 718 nihil
506 637 552 724 de
576 640 618 715 iis
641 642 680 714 in
700 635 826 712 Ethica
843 635 1031 711 Politioave
1047 634 1232 724 disseruit,

190 770 398 868 cujusquee
413 768 487 840 sola
504 765 694 844 Rhetorica
711 763 923 838 haecomnia
938 762 1043 836 duxit
1057 761 1233 859 AEgidius,

190 914 233 972 ut
246 900 324 1000 jam
338 898 509 988 diximus,
522 896 655 970 additis
670 899 863 996 passionum
882 898 978 964 inter
998 890 1235 991 concupiscibi-

192 1022 255 1096 lem
278 1041 314 1098 et
342 1020 539 1099 irascibilem
560 1021 766 1122 appetitum
787 1019 1066 1110 distributione,
1091 1045 1236 1099 earum·

192 1181 266 1254 que
288 1179 476 1228 examore
500 1170 535 1224 et
556 1151 640 1226 odio
660 1155 904 1250 generatione,
923 1150 970 1221 ad
994 1154 1236 1226 imitationem

192 1286 401 1380 Aquinatis,
416 1285 482 1378 qui
498 1295 622 1354 tamen
640 1279 763 1356 decem
780 1284 947 1378 passiones
971 1277 1092 1352 solum
1112 1282 1237 1357 noni-

193 1425 351 1502 naverat,
368 1408 470 1486 nulla
484 1412 680 1482 aversionis
694 1423 729 1484 et
741 1405 1035 1484 mansuetudinis
1050 1409 1237 1480 mentione

193 1539 232 1609 in
251 1534 416 1610 hocloco
435 1535 552 1632 laeta(
577 1539 601 1632 ).

334 2423 496 2506 QUARTA
518 2421 639 2488 PARS:
662 2425 716 2484 lle
737 2425 893 2487 mortuus
911 2401 1096 2506 *principle

162 2853 166 2860 .
246 2799 346 2870 Idem
358 2798 432 2870 fere
446 2797 491 2870 de
505 2796 613 2895 longa
626 2821 772 2872 morum
789 2797 1037 2899 inquisitione,
1056 2805 1095 2872 in
1111 2822 1241 2899 quarta
1270 2875 1273 2882 ,

196 2933 307 3029 primi
323 2926 436 3024 hujus
456 2927 540 2997 libri
562 2942 681 3025 parte,
704 2925 899 2997 dicendum
922 2943 983 3000 est.
1000 2933 1120 3004 Mores
1140 2939 1242 3009 enim

197 3058 423 3131 diversorum
439 3055 651 3144 hominum,
670 3082 737 3156 pro
754 3058 931 3153 cujusque
946 3073 1064 3148 aetate,
1085 3062 1241 3136 fortunis

196 3201 260 3260 aut
283 3185 427 3266 ordine,
452 3211 471 3256 e
496 3181 656 3258 secundo
685 3180 885 3259 Rhetoricae
912 3185 1005 3260 libro
1032 3197 1243 3287 recognovit

197 3331 330 3404 noster,
346 3339 468 3414 regem
485 3312 532 3384 ad
546 3313 702 3414 optimos
722 3313 927 3414 impellens,
945 3343 964 3390 a
981 3320 1101 3416 pravis
1116 3337 1243 3396 eontra

197 3459 377 3530 avertens;
398 3468 466 3514 nee
485 3441 560 3515 ulla
580 3467 666 3514 cum
689 3441 876 3517 Aristotele
897 3443 1150 3546 discrepantia,
1172 3449 1243 3524 nisi

197 3571 299 3670 quod
326 3576 408 3646 satis
433 3571 527 3644 male
559 3569 699 3644 habitos
721 3596 743 3642 a
768 3575 940 3670 magistro
969 3570 1095 3646 nobiles
1118 3575 1246 3676 'mullo

199 3699 453 3798 indulgentius
470 3703 652 3788 tractavit;
675 3724 768 3800 quos
788 3703 886 3772 eninr
907 3701 1115 3778 ambitiosos
1130 3721 1166 3780 et
1181 3731 1245 3780 su,

200 3827 351 3926 perhos,
382 3841 418 3898 et
446 3840 593 3928 patrum
621 3828 752 3928 saepius
780 3826 976 3924 degeneres
1004 3830 1245 3930 appellaverat

201 3952 418 4042 Aristoteles,
436 3955 687 4050 magnanimos
707 3950 768 4026 ille
788 3967 825 4026 et
844 3953 1067 4056 magnificos,
1088 3983 1243 4035 avorum

238 4252 268 4328 tl)
285 4259 382 4310 Summa
393 4257 544 4328 Thantia,
556 4259 580 4310 t·
594 4259 635 4318 2⁸.
644 4272 674 4308 ex
686 4265 770 4324 quaet.
783 4261 812 4310 fl
822 4257 852 4312 nl
864 4267 945 4326 quen.
956 4261 995 4316 ts.
