3124 5056
759 541 954 608 ..g-2..

336 717 552 808 notandum,
564 717 663 815 quod
682 743 756 788 non
772 717 865 788 ultra
879 715 1145 816 progrediatur,
1158 738 1243 805 nee,
1257 713 1361 788 Chris

335 851 441 918 tianae
468 843 554 916 fidei
586 844 724 933 studio,
749 843 864 915 ullam
892 843 1147 915 hoereticorum
1173 843 1380 916 insectatio-

335 1001 420 1048 nem
456 973 573 1046 ullave
605 971 842 1046 Pontfiieihus
873 972 1072 1071 privilegiu.
1108 969 1270 1042 Pontifex
1303 971 1380 1069 ipse

291 1099 296 1106 ¹
335 1107 510 1199 requirat.
538 1105 581 1172 In
605 1127 679 1198 quo
692 1116 786 1172 certe
804 1117 840 1173 et
858 1103 1043 1198 Aquinate
1056 1105 1230 1199 magistro
1248 1115 1285 1172 et
1301 1099 1379 1199 ipso

334 1231 521 1304 Bossuetio
534 1229 686 1302 meliora
701 1231 837 1326 sentit(
860 1234 904 1324 ).⁴
1132 1221 1134 1226 ’

738 1464 977 1490 ὡ

335 1668 483 1732 TERTIA
504 1668 601 1732 PARS
621 1673 697 1730 :lle
718 1672 892 1744 regimine
911 1672 1082 1745 civitatis,
1104 1665 1187 1730 belli
1210 1673 1376 1748 tempore.

385 1881 454 1950 Hic
467 1876 674 1951 absolvatur
689 1861 849 1950 secunda
861 1903 943 1978 pars
959 1877 1057 1950 tertii
1071 1877 1172 1970 libri,
1187 1898 1223 1952 et
1236 1876 1378 1952 inehoa·

336 2025 397 2080 tur
412 2012 528 2097 tertia,
555 2007 601 2080 de
617 2012 792 2106 regimine
814 2013 919 2106 regni
940 2007 1026 2081 belli
1044 2025 1220 2109 tempore.
1241 2008 1295 2080 Ab
1312 2005 1378 2080 hac

334 2147 459 2210 eutem
479 2133 761 2226 abstinebimus,
776 2160 895 2232 quum
909 2133 1015 2208 uobis
1029 2140 1135 2236 parvi
1149 2135 1257 2236 pretii
1269 2135 1379 2210 videu-

335 2283 397 2338 tur
409 2267 454 2342 de
474 2282 550 2338 arte
566 2265 733 2356 militari,
754 2283 796 2338 ut
812 2282 891 2338 tuin
905 2281 997 2356 erat,
1011 2265 1249 2340 disserentem
1267 2271 1377 2364 sequi.

336 2394 378 2466 ld
395 2409 540 2466 tantum
554 2393 742 2482 notemus,
758 2391 907 2482 bellum,
927 2410 968 2464 ut
982 2410 1118 2484 caetera,
1132 2395 1170 2466 iu
1188 2401 1381 2470 commune

336 2523 479 2596 bonum
493 2527 634 2596 institui
651 2522 797 2610 debere,
812 2548 880 2594 nec
897 2521 984 2596 alios
1004 2548 1079 2600 osse
1093 2523 1272 2623 legitimos
1287 2523 1380 2598 mili·

337 2656 394 2722 tiae
405 2677 509 2741 usus,
533 2649 643 2748 quarn
661 2651 934 2752 propulsionenr
949 2649 1128 2744 hostiurn,
1157 2652 1379 2726 seditionum

337 2767 661 2879 compressionem,
694 2796 730 2852 et
762 2781 1010 2854 defensionem
1038 2780 1222 2855 bonorum
1256 2798 1382 2856 contro

336 2909 462 2982 malos.
486 2912 571 2982 Uno
584 2908 710 3000 verbo,
737 2908 877 2982 bellum
891 2910 930 2982 in
946 2935 1073 3009 pacem
1090 2912 1218 3008 utique
1229 2911 1383 2984 ordinare

337 3041 417 3110 dum
434 3055 497 3124 est;
527 3065 595 3112 nec
609 3039 729 3112 ullum
743 3044 782 3112 in
796 3058 963 3112 externos
978 3039 1091 3137 magis
1108 3067 1221 3138 quom
1235 3045 1275 3114 in
1289 3041 1383 3116 cives

338 3166 518 3241 violentiae
529 3166 592 3264 jus
606 3192 827 3239 concessum.

739 3381 979 3406 ...ιθ-...-

763 3599 962 3661 Coneluulo.

389 3805 456 3873 Hic
477 3800 611 3900 explicit
636 3796 717 3870 liber
745 3800 784 3870 de
803 3802 977 3897 Repimiue
1000 3803 1208 3901 principum,
1231 3797 1337 3868 editus
1364 3822 1386 3867 o

334 3933 444 4028 fratre
469 3930 604 4028 AEpidio
630 3932 803 4016 Romano,
826 3930 952 4001 ordinis
963 3929 1120 4028 fratrum
1152 3932 1386 4002 Eremitarum

338 4065 444 4132 sancti
459 4060 653 4155 Aupustini.

373 4274 406 4339 (t)
424 4275 526 4324 sineru·
538 4269 659 4334 Thomas,
677 4272 702 4320 Ξ·
715 4271 755 4333 2²,
772 4278 857 4338 quest.
874 4272 916 4340 lt),
928 4278 974 4322 art.
989 4274 1012 4326 8.
1023 4297 1058 4312 -
1067 4274 1180 4332 Βοιιιιιι,
1194 4271 1289 4320 Somou
1302 4265 1388 4336 suples

338 4360 430 4412 devoirs
443 4359 484 4410 des
495 4359 552 4414 reis.
