3124 5056
744 489 936 556 -74-

315 666 503 754 rendunt,
531 668 653 765 potius
681 687 794 764 quam
814 669 848 736 vi
866 662 1178 764 impugnandum,
1198 660 1364 735 subditos

316 791 505 882 bortatur,
530 817 604 865 non
632 817 696 891 pro
712 775 809 891 jure,
833 791 893 867 ted
922 817 988 892 pro
1011 789 1179 892 ipsorum
1210 789 1366 862 utilitate

315 944 352 993 ee
378 921 477 1018 loqui
507 919 711 1020 profitetur,
734 941 892 1017 quume
919 919 1089 992 civilibus
1111 917 1216 991 bellis
1246 917 1364 992 multo

266 1037 269 1050 ’
316 1049 441 1150 pejora
462 1073 573 1147 quam
593 1075 635 1122 ex
658 1055 733 1149 ipsa
755 1049 946 1147 tyrannide
967 1049 1055 1120 oriri
1078 1064 1191 1148 putet.
1217 1051 1265 1120 tt
1284 1071 1365 1120 nus·

316 1199 428 1274 quam
460 1201 603 1266 rursus,
622 1181 660 1248 in
686 1175 741 1248 bis
758 1178 911 1277 scriptia,
931 1176 976 1251 nd
999 1176 1242 1249 imitationem
1258 1175 1364 1248 Salis-

316 1304 490 1377 beriensis
514 1321 550 1376 et
572 1310 668 1377 Beati
693 1303 863 1396 Thomna,
892 1305 1048 1378 declarat
1072 1329 1112 1376 en
1142 1310 1220 1403 ipso
1245 1329 1363 1403 popu-

316 1434 434 1508 lorum
461 1434 547 1532 jure
570 1461 670 1534 potae
694 1440 729 1505 vi
756 1416 792 1507 et
819 1437 929 1508 armis
951 1435 1097 1533 injuatee
1123 1435 1361 1507 dominationi

317 1565 441 1637 resisti.
462 1565 625 1638 Similem
653 1565 750 1636 dicas
782 1565 843 1636 hio
878 1571 1059 1638 recusanti
1094 1563 1183 1662 quid
1218 1563 1264 1635 de
1297 1562 1363 1636 hac

316 1698 516 1788 quaestione
554 1693 685 1763 seruiat
728 1693 847 1791 palum
880 1692 1054 1793 profiteri.
1089 1692 1208 1766 Multo
1241 1708 1363 1763 autem

315 1816 464 1891 liberior
501 1819 797 1917 nranilestiorque
823 1821 902 1917 ejua
942 1825 1120 1894 sententia
1148 1836 1302 1920 apparet
1329 1825 1363 1889 in

314 1949 612 2020 commemorande
629 1947 712 2021 libro
727 1955 964 2021 sententiarum
978 1951 1043 2045 (ι).
1062 1953 1130 2022 Hic
1152 1973 1229 2021 non
1253 1947 1363 2022 modo

284 2101 286 2106 ’
315 2083 473 2178 principi
502 2096 636 2179 peccato
672 2085 897 2180 praecipienti
929 2079 1191 2167 obedientiam,
1219 2078 1272 2152 vel
1301 2097 1363 2151 trs-

314 2231 387 2304 que
412 2206 456 2278 ad
476 2231 616 2297 uacum,
637 2208 808 2305 denegari
830 2208 948 2307 jubat,
979 2241 993 2272 u
1018 2215 1100 2282 sicut
1126 2225 1290 2306 martyres
1308 2210 1366 2301 fn-

319 2365 333 2397 r
364 2332 509 2420 ciebunt,
521 2340 620 2435 jutan
636 2341 831 2437 principum
853 2352 1198 2424 annumerarentur
1223 2335 1364 2414 tnaottta

313 2487 460 2560 quoque
480 2461 628 2561 jubenti
654 2464 1006 2565 obtemperationem
1022 2465 1147 2539 deberi
1165 2481 1273 2563 negat
1291 2465 1362 2559 (a):

320 2625 334 2658 a
366 2606 404 2662 ut
433 2597 461 2662 ri
494 2591 614 2668 uellent
647 2598 816 2693 imponere
853 2616 942 2664 nova
970 2594 1131 2693 pedopia,
1172 2593 1226 2664 vel
1261 2616 1364 2663 novus

319 2749 333 2784 a
365 2718 473 2806 talias,
494 2753 508 2783 r
537 2720 586 2790 ita
611 2737 671 2809 nt,
689 2726 729 2790 in
751 2719 893 2810 talibus,
919 2746 1036 2818 quum
1065 2721 1276 2820 principatu
1303 2725 1364 2790 itt·

310 2848 407 2946 juste
437 2863 595 2920 utuntur
625 2852 791 2937 Domini,
814 2849 861 2920 ab
894 2873 1022 2922 eorum
1050 2848 1259 2922 obediontia
1279 2847 1365 2919 sub-

312 2975 405 3050 ditos
436 3001 471 3048 ae
500 2974 715 3048 subtrahere
743 2999 844 3075 poseo
870 2975 1039 3049 declarat.
1074 2980 1144 3050 Oui
1176 2980 1363 3050 sentcntiae

314 3104 407 3175 mire
427 3109 597 3178 convenit
618 3109 657 3178 in
680 3103 850 3202 pluribus
871 3103 957 3176 locis
983 3111 1059 3204 ipae
1081 3105 1175 3177 liber
1198 3107 1238 3178 de
1260 3107 1362 3201 tteqt-

192 3263 194 3267 ·
313 3237 404 3302 mine
423 3237 632 3331 principum,
649 3257 765 3328 quum
796 3237 978 3332 principos
1003 3258 1044 3304 ea
1069 3250 1212 3306 tanturn
1235 3231 1363 3306 condi-

314 3365 412 3436 tione
435 3361 522 3459 jure
548 3387 699 3460 regnare
727 3360 900 3452 affirmet,
931 3368 977 3452 si,
1011 3366 1146 3436 caeteris
1174 3363 1360 3449 meliores,

313 3490 577 3589 rempublicam
597 3489 644 3562 ad
663 3489 857 3562 utilitatem
878 3495 1062 3581 omnium,
1077 3515 1153 3562 non
1174 3489 1220 3568 ud
1242 3513 1359 3576 auam,

312 3616 493 3716 dirigant3
525 3643 717 3715 quumque
748 3619 880 3716 nepiua
919 3645 961 3691 cx
1005 3617 1172 3711 historia,
1199 3643 1264 3691 noc
1293 3621 1359 3690 cri·

313 3752 493 3836 minatus,
517 3747 683 3824 ostendat
716 3747 897 3846 populum
930 3748 976 3820 ad
1011 3773 1111 3825 urina
1140 3763 1273 3844 contra¹
1303 3761 1360 3843 ty·

312 3899 449 3946 rennos
477 3890 657 3964 ruentem,
688 3874 865 3971 malisque
891 3876 1035 3974 regibus
1059 3877 1305 3950 insidiantem.

347 4095 377 4168 li)
393 4097 447 4150 Lib.
459 4102 490 4153 11.
499 4096 553 4148 diu.
567 4098 602 4156 ll,
616 4104 702 4164 quatu.
714 4101 738 4164 Ξ,
751 4106 799 4150 art.
812 4101 836 4154 Ξ.

349 4203 381 4274 (t)
395 4204 483 4258 liudem
492 4205 564 4256 tentit
575 4209 662 4258 licum
672 4203 786 4273 Thomas,
797 4205 823 4256 in
835 4207 1006 4260 commentaria
1020 4221 1064 4258 tua
1077 4207 1107 4260 de
1115 4208 1200 4260 οοάειι
1212 4208 1283 4259 libra.
1297 4207 1313 4258 Ι.
1326 4212 1359 4275 n,

311 4294 366 4347 unt.
380 4298 417 4364 tt,
432 4305 515 4362 quest.
528 4299 552 4362 8,
566 4304 612 4348 art.
626 4298 648 4345 1.
