3124 5056
767 483 959 548 -80..

337 659 549 749 inventum,
591 660 727 733 alicubi
752 665 797 732 sit
819 665 1039 761 inscriptum
1069 677 1230 760 oportet,
1270 680 1310 734 ut
1339 665 1393 736 ab
1423 677 1426 682 '

337 789 511 860 omnibus
525 794 692 885 cognosci
710 795 829 888 possit,
845 816 913 861 ncc
927 815 947 862 e
959 790 1137 861 memoria
1156 790 1308 862 excidat.

387 920 465 989 Hoc
477 941 627 1014 quoque
643 921 737 988 inter
755 933 956 1014 utrumque
970 917 1125 1006 interest,
1139 917 1291 1014 quodea
1303 943 1391 1016 quae

226 1062 229 1066 ’
334 1044 393 1141 jus
407 1043 571 1114 naturale
585 1041 745 1133 inchoat,
758 1045 819 1141 jus
833 1045 1031 1144 positivum
1047 1043 1198 1124 absolvit
1214 1071 1222 1116 ε
1236 1047 1389 1142 sicfrues

286 1257 292 1265 η
343 1204 357 1233 ιι
372 1177 495 1270 punire
512 1188 558 1244 est
572 1173 701 1272 dejure
717 1171 875 1256 naturali,
886 1172 942 1242 sed
956 1199 1008 1243 ees
1024 1179 1072 1244 sie
1084 1172 1139 1244 vei
1146 1179 1192 1245 sic
1205 1180 1329 1274 punire
1340 1190 1390 1245 cst

343 1333 357 1364 ιι
377 1303 418 1372 de
433 1306 515 1400 jure
526 1307 675 1401 positivo.
691 1335 705 1366 ιι
808 1333 822 1364 ιι
839 1304 904 1372 Ubi
919 1309 1120 1374 terminatur
1136 1307 1196 1402 jus
1220 1303 1385 1386 naturaie,

343 1463 357 1492 ιι
368 1431 428 1526 jus
439 1435 616 1530 positivum
632 1437 742 1504 oritur
760 1432 822 1528 (1).
841 1465 854 1495 ιι

387 1562 472 1630 Haec
497 1577 618 1631 autem
642 1559 687 1631 de
713 1558 870 1631 naturali
892 1557 976 1656 juro
999 1576 1085 1631 sunt
1110 1585 1193 1656 quae
1216 1577 1382 1631 naturam

337 1705 498 1758 nostram
525 1705 745 1785 sequuntur,
768 1705 876 1787 prout
890 1713 1018 1760 sumus
1035 1687 1145 1776 homo,
1161 1689 1307 1774 animat,
1326 1704 1386 1760 aut

336 1813 529 1914 simpliciter
538 1843 595 1886 ens
609 1815 747 1916 aliquid.
762 1819 833 1888 Nec
843 1816 1049 1914 quidquam
1064 1817 1109 1889 de
1127 1819 1212 1916 jure
1230 1817 1386 1917 positivo

338 1961 409 2035 est,
422 1944 522 2042 quod
541 1972 616 2017 non
634 1972 654 2018 e
666 1945 749 2044 jure
764 1945 918 2018 naturali
933 1919 1146 2023 deducatur,

390 2075 475 2144 Tria
486 2099 574 2173 ergo
586 2073 652 2172 legi
667 2075 829 2175 positivae
839 2079 1036 2147 necessaria
1046 2094 1155 2148 sunt:

383 2207 428 2276 -1ο
455 2209 505 2276 Ut
519 2205 588 2304 legi
611 2205 766 2279 naturali
787 2212 831 2279 sit
856 2233 1040 2304 congrua:
1063 2209 1171 2301 aliter
1190 2197 1290 2279 enim
1309 2233 1383 2278 non

335 2335 431 2429 justa
443 2351 512 2424 est,
531 2361 596 2406 nec
612 2341 759 2436 proprie
771 2335 837 2425 lex,
852 2334 913 2406 sed
930 2341 1118 2436 corruptio
1132 2336 1229 2434 legis.

390 2465 428 2532 2⁰
455 2465 504 2533 Ut
520 2461 565 2532 ad
583 2488 779 2534 counnune
801 2463 942 2534 bonum
960 2463 1150 2561 dirigatur,
1177 2489 1261 2534 nam
1285 2488 1385 2535 corn-

338 2619 451 2665 mune
485 2592 622 2664 bonum
653 2599 829 2694 privatam
864 2594 1054 2666 utilitatem
1086 2595 1214 2666 ordine
1244 2613 1279 2666 et
1301 2594 1386 2692 jure

337 2722 533 2807 antecedit,
548 2738 579 2793 et
590 2729 694 2823 turpis
707 2741 753 2795 est
769 2721 827 2794 itta
835 2749 916 2821 pars
927 2749 1002 2823 quae
1021 2724 1223 2795 discordare
1238 2737 1303 2792 toto
1321 2723 1334 2818 (
1358 2723 1383 2817 ).

391 2851 426 2920 3⁰
453 2853 693 2948 Utcoinpetat
707 2855 865 2949 regionis
875 2851 1128 2923 consuetudini
1151 2849 1386 2946 moribusque

338 2975 456 3073 gentis
484 2981 542 3046 cui
572 2981 788 3074 imponitur,
822 2981 908 3073 quia
936 2977 1141 3050 Aristoteles
1175 2977 1279 3062 dixit,
1317 3003 1385 3048 uon

339 3120 490 3203 oportere
504 3105 664 3203 adoptare
679 3101 820 3174 Potitius
836 3102 976 3202 leqibuS,
991 3105 1047 3177 sed
1065 3104 1149 3202 iepes
1166 3103 1308 3176 Potite.

391 3333 512 3432 Hujus
527 3332 623 3405 modi
641 3333 733 3431 leges
747 3361 766 3405 a
781 3337 1010 3434 principante
1024 3335 1265 3435 promulgatae
1281 3335 1386 3434 plura

339 3460 404 3534 sibi
419 3487 622 3562 proponere
634 3461 790 3534 debent:

370 3618 371 3621 ¹
396 3601 429 3663 ιο
457 3596 653 3692 Praecipere
667 3592 758 3689 qnid
772 3591 863 3664 bene
875 3597 919 3664 sit
933 3593 1113 3691 agendum
1127 3625 1136 3682 ;

393 3731 433 3816 2⁰·
458 3721 655 3794 Prohibere
670 3723 771 3819 quod
788 3721 880 3795 male
903 3722 1021 3812 fieret3

391 3851 429 3922 3⁰
457 3853 669 3922 Permittere
686 3875 769 3947 quae
791 3876 857 3922 nec
883 3851 977 3922 bona
1004 3875 1071 3922 nec
1096 3850 1186 3922 mala
1211 3864 1318 3939 sunt,
1353 3853 1408 3922 et'

337 3983 413 4077 ipsa
455 3977 547 4050 mala
583 4003 664 4075 quae
698 4003 773 4050 non
806 3983 970 4076 graviora
1008 3994 1112 4069 sunt,
1152 3979 1240 4075 quia
1269 3977 1387 4049 multo

374 4211 407 4280 (1)
426 4215 485 4281 eap.
503 4217 539 4264 et.

375 4303 406 4371 p)
427 4305 488 4369 cap.
507 4306 544 4352 tc.
