3126 5058
647 561 839 628 ...23-

228 767 242 801 r
271 735 373 836 quod
391 734 572 811 habemus
586 743 742 810 rationes
758 751 870 808 rectas
887 733 996 808 habet
1009 762 1081 810 esso
1097 737 1264 811 Pruden-

228 895 242 928 rr
270 868 320 937 tia
347 868 359 957 (
385 866 410 959 ).

278 1023 292 1054 u
314 995 459 1064 Bonum
471 995 613 1064 virtutis
623 989 876 1064 intellectualis
886 991 1046 1064 consistit
1055 987 1265 1090 inquodam

226 1149 241 1180 ιι
268 1118 389 1192 medio
393 1174 454 1193 .....
473 1119 678 1194 Secundum
695 1120 783 1192 dicit
805 1144 877 1192 esse
900 1119 999 1217 quod
1022 1133 1091 1208 est,
1113 1119 1168 1192 vel
1189 1145 1264 1192 non

226 1280 239 1308 ιι
272 1272 348 1320 esse
375 1249 476 1345 quod
502 1274 578 1321 non
604 1264 680 1338 est,
708 1249 748 1320 in
778 1273 852 1345 quo
874 1251 967 1318 ratio
982 1246 1062 1343 [veri
1083 1248 1262 1319 consistit.

225 1405 239 1436 «ι
272 1372 435 1448 Excessus
476 1393 596 1448 autern
643 1396 695 1448 est
737 1375 943 1450 secundum
986 1372 1265 1448 affirmationem

225 1534 239 1564 «ι
272 1503 420 1591 falsam,
448 1530 514 1603 per
547 1529 659 1602 quum
689 1504 824 1576 dicitur
855 1525 929 1576 esse
959 1503 1059 1600 quod
1092 1527 1167 1574 non
1196 1521 1264 1594 αις

225 1661 239 1693 α
271 1633 413 1729 defectus
444 1651 569 1706 autem
593 1637 769 1732 accipitur
803 1631 1009 1704 seeundum
1035 1629 1266 1730 negationem

224 1789 239 1822 α
272 1760 410 1851 falsam,
424 1787 488 1861 per
504 1788 619 1860 quam
634 1761 772 1834 dicitur
784 1787 858 1834 non
874 1783 950 1832 esse
965 1761 1065 1856 quod
1079 1778 1130 1834 est
1143 1763 1206 1857 (2).
1220 1795 1234 1828 >r

270 1935 421 2010 Subtiliu
453 1937 514 2010 illa
554 1905 669 2028 certe,
700 1953 737 2010 et
771 1963 791 2008 e
823 1935 942 2010 nimio
979 1941 1090 2008 unius
1127 1941 1264 2009 tenoris

219 2061 340 2134 studio
361 2078 453 2136 ortu.

268 2189 337 2260 Sed
363 2194 428 2262 ista
447 2191 707 2288 relinquamus.

268 2318 410 2416 Cuique
443 2324 585 2417 privato
615 2319 735 2409 utilis,
766 2345 884 2416 quum
918 2317 1020 2392 nulla
1050 2319 1119 2392 aliu
1146 2319 1262 2393 virtus

217 2447 297 2516 sine
324 2470 365 2516 ea
397 2447 546 2518 existere
575 2451 700 2546 possit,
739 2451 814 2544 regi
844 2445 962 2518 multo
995 2451 1109 2545 magis
1138 2471 1262 2519 neees-

217 2579 307 2644 sariu
336 2579 404 2646 erit
436 2574 646 2665 Prudentia,
672 2580 700 2647 si
724 2576 809 2675 jure
830 2589 866 2646 et
895 2589 1024 2646 nutura
1051 2573 1112 2647 iile
1138 2598 1262 2672 regere
1365 2641 1369 2650 ,

217 2701 322 2776 volet.
359 2702 491 2776 Nullus
526 2710 626 2776 enim
662 2720 836 2776 enatura
858 2709 950 2802 regit
972 2719 1008 2776 et
1029 2703 1260 2792 dominatur,

216 2832 287 2902 nisi
306 2836 383 2928 qui,
410 2831 609 2904 Prudentis
641 2847 677 2902 et
701 2805 890 2902 intellectu
919 2828 1071 2928 poliens,
1097 2830 1184 2902 alios
1210 2836 1261 2903 si-

215 2972 280 3028 cut
314 2957 502 3054 seipsum
531 2957 576 3027 ad
605 2954 751 3028 debitum
787 2955 899 3028 finem
932 2956 1090 3054 dirigere
1121 2971 1258 3055 potest3

215 3083 365 3156 absente
387 3075 509 3156 autern
537 3082 750 3173 Prudentia,
771 3109 839 3156 nec
865 3081 1012 3158 debitum
1044 3082 1168 3173 finem,
1193 3109 1259 3158 nec

215 3229 326 3286 rectas
352 3212 398 3284 ud
429 3212 534 3284 illum
560 3217 634 3284 vias
662 3213 864 3310 dijudicare
892 3215 1066 3310 cuiquem
1097 3212 1256 3286 dabitur.

265 3341 426 3414 Prudens
453 3345 564 3439 igitur
584 3345 629 3414 sit
646 3347 824 3441 princeps.
852 3341 910 3414 Ad
931 3342 1169 3414 Prudentium
1191 3367 1259 3414 au·

214 3483 288 3540 tem
315 3494 352 3541 se
368 3469 594 3566 informabit,
612 3473 641 3540 si
663 3473 832 3566 priorum
851 3493 981 3565 regum
1005 3470 1167 3567 exemplu
1185 3493 1258 3540 suae

215 3599 400 3666 memoriae
415 3598 545 3692 saepius
566 3594 760 3682 revocabit,
787 3611 828 3666 nt
845 3601 1001 3693 optimos
1017 3601 1056 3666 in
1071 3595 1257 3694 regnando

214 3720 392 3806 imitetur;
421 3725 449 3790 si
480 3745 562 3814 quae
589 3744 655 3790 suo
681 3719 816 3818 populo
842 3721 963 3791 futura
987 3725 1059 3792 sint
1078 3721 1180 3793 utilia
1203 3721 1257 3794 di-

116 3923 125 3936 x
213 3845 370 3942 ligenter
404 3847 581 3942 inquiret;
611 3851 639 3916 si
664 3845 775 3918 bonus
802 3851 1081 3922 consuetudines
1106 3862 1141 3918 et
1163 3847 1280 3945 leges

213 3979 316 4070 regni
346 3973 508 4072 religiose
535 3972 759 4062 observabit;
782 3977 812 4045 si
833 3978 1031 4072 propriam.
1045 3998 1117 4047 suae
1139 3979 1256 4071 gentis

234 4243 282 4318 Ι(1)
299 4207 413 4307 Aigidioi,
424 4242 469 4293 lib.
478 4247 500 4307 1,
514 4257 570 4309 pers
581 4245 605 4301 2,
615 4255 669 4308 erp.
681 4245 704 4293 8.

247 4332 279 4394 (¹)
297 4330 509 4382 sructur'rhomrr
528 4333 568 4394 <1⁸
580 4331 619 4392 2·,
631 4342 715 4396 quast.
733 4333 777 4393 ut,
791 4340 837 4382 nrt.
852 4334 890 4396 3).
