3124 5056
730 469 996 544 -52-—,

301 653 545 746 immotosque
563 648 710 722 ordines
726 649 906 748 populum
921 672 1070 719 omnem
1088 644 1203 742 digeri
1223 642 1350 716 volue-

301 785 360 867 rit,
377 784 426 850 ita
446 797 485 850 ut
500 779 611 850 iidem
629 803 775 878 semper
795 777 1060 878 rempublicam
1079 773 1348 872 magistratibus

300 907 559 1005 gubernarent,
577 906 684 977 iidem
702 911 811 977 armis
826 903 1079 993 defenderent,
1092 919 1129 975 et
1141 903 1253 974 iidem
1269 929 1350 974 rm·-

302 1061 361 1107 sus
389 1031 569 1106 artificum
600 1059 728 1132 operas
753 1060 895 1132 semper
935 1047 1229 1130 exsequerentur.
1263 1035 1349 1102 Haec

301 1164 426 1236 omnia
446 1161 582 1262 respuit
601 1159 779 1258 AEgidius,
799 1161 927 1234 iisdem
948 1187 989 1234 ac
1011 1148 1220 1233 Aristoteles
1236 1185 1350 1258 argu-

301 1294 446 1362 mentis.
1319 1361 1322 1368 ,

352 1420 432 1490 Non
447 1416 600 1489 omnino
622 1433 742 1488 tamen
765 1416 843 1490 haec
864 1417 1059 1514 rejicienda
1078 1433 1198 1518 putat;
1221 1417 1267 1488 art
1291 1413 1351 1488 to-

302 1573 384 1618 num
403 1545 613 1632 intellectum,
631 1550 744 1636 enim,
762 1561 803 1616 ut
817 1546 878 1635 ait,
895 1546 1028 1618 deduci
1049 1562 1211 1645 possunt,
1228 1549 1257 1617 si
1275 1571 1349 1618 non

303 1691 340 1748 nt
361 1672 462 1747 verba
487 1689 607 1745 sonant
634 1701 673 1746 ea
701 1675 899 1772 intelligere
925 1675 1042 1748 velis:
1065 1676 1204 1748 Scilicet
1231 1701 1279 1746 ne
1303 1673 1350 1746 ad

304 1829 420 1876 unum
438 1803 652 1900 redigantur
674 1811 783 1892 eires,
802 1804 865 1876 sed
888 1831 960 1876 una
984 1821 1104 1877 mente
1124 1803 1197 1876 sint
1219 1818 1254 1874 et
1275 1828 1350 1875 uno

304 1939 441 2021 animo;
464 1960 527 2004 sua
549 1939 683 2032 cuique
700 1931 746 2009 sit
765 1952 801 2008 et
821 1961 886 2025 ree,
909 1951 944 2006 et
969 1959 1071 2022 uxor,
1093 1951 1128 2006 et
1150 1930 1349 2032 progenies,

306 2061 367 2134 sed
383 2077 527 2133 caeteros
542 2066 694 2158 quisque
710 2039 884 2161 tanquam
902 2088 938 2133 se
955 2066 1079 2160 ipsum
1096 2076 1202 2149 amet,
1222 2074 1258 2131 et
1274 2064 1350 2159 pri-

306 2208 403 2263 vatas
421 2217 473 2262 res
492 2217 571 2263 suas
585 2197 687 2287 quasi
702 2215 917 2262 communes
934 2168 1147 2261 liberalitate
1166 2187 1288 2275 faciat3
1307 2212 1353 2258 ne

306 2322 351 2394 ad
369 2321 461 2392 bella
480 2327 671 2394 convocari
693 2322 827 2393 soleant
846 2321 1027 2410 mulieres,
1050 2319 1111 2392 sed
1132 2323 1300 2418 patriam,
1322 2321 1351 2388 si

307 2457 445 2524 occasio
465 2449 635 2550 postulat,
659 2452 744 2550 ipsae
770 2449 964 2522 delendere
986 2453 1144 2548 possint3
1172 2474 1218 2520 ne
1241 2446 1352 2518 iidem

308 2604 450 2677 semper
478 2584 513 2648 in
547 2577 702 2677 publicis
731 2575 948 2650 muneribus
979 2577 1258 2664 continuentur,
1292 2573 1353 2648 sed

308 2707 434 2776 eadem
455 2731 596 2803 semper
614 2706 659 2776 sit
676 2704 945 2803 magistratibus
961 2705 1094 2794 virtus3
1116 2732 1161 2777 ne
1179 2708 1224 2776 sit
1239 2700 1354 2774 hella-
1405 2773 1413 2784 ,

307 2849 431 2904 torum
445 2832 547 2922 ordo,
565 2837 627 2930 qui
648 2833 714 2905 soli
730 2859 829 2906 arma
845 2851 1013 2922 tractent,
1030 2833 1090 2906 sed
1111 2837 1184 2904 sint
1201 2831 1351 2916 nobiles,

308 2959 444 3060 quibus
462 2967 643 3061 praecipua
658 2988 848 3034 armorum
862 2988 962 3052 cura,
980 2979 1016 3034 et
1033 2961 1099 3058 qui
1116 2965 1154 3032 in
1172 2959 1264 3032 bella
1281 2963 1354 3030 sint

310 3093 443 3162 caeteris
459 3088 598 3160 civibus
619 3085 730 3188 parati
748 3089 870 3162 duces.

360 3344 413 3410 De
436 3340 621 3412 sententiis
647 3338 855 3440 philosophi
883 3337 1022 3412 Phaleae
1041 3338 1125 3411 dein
1147 3339 1351 3412 disseritur.

360 3467 415 3542 Atl
433 3468 591 3542 tollenda
612 3467 759 3542 dissidia
781 3472 929 3558 civium,
953 3466 1048 3538 nulli
1066 3469 1222 3566 majores
1241 3493 1352 3566 quarn

309 3599 387 3670 aliis
415 3598 553 3672 reditus
576 3617 639 3671 aut
667 3597 803 3696 majora
833 3598 968 3696 praedia
999 3596 1265 3697 permittenda,
1291 3593 1353 3668 sed

309 3729 501 3826 aespumdas
517 3734 686 3801 omnium
703 3728 881 3830 fortunas,
896 3726 1063 3800 censebat
1079 3727 1155 3816 ille3
1171 3726 1273 3824 quod
1288 3724 1355 3796 ali·

311 3875 365 3930 ter
377 3873 486 3953 atque
512 3857 613 3928 aliter
630 3853 866 3929 efficiendum
891 3861 977 3946 erat,
1001 3872 1110 3955 prout
1133 3880 1227 3926 nova
1251 3854 1355 3926 insti-

311 4001 474 4056 tueretur
493 3986 628 4072 civitas,
650 4002 713 4056 aut
729 3983 951 4083 jamdudum
974 3983 1137 4054 instituta
1160 3981 1356 4080 corrigere·

312 4131 383 4187 tur.
406 4118 510 4192 Hanc
531 4132 653 4186 alitem
681 4115 912 4186 fortunarum
935 4109 1190 4208 aequalitatem,
1213 4136 1354 4185 summa

314 4242 504 4344 prudentia
529 4262 564 4314 et
591 4241 806 4312 lirmissimis
831 4241 1075 4335 argumentis,
1101 4238 1142 4310 ex'
1169 4233 1357 4312 Aristotele
