3124 5056
633 497 635 502 .
723 445 911 510 --as-

296 635 389 718 aptae
419 634 505 688 sunt
542 635 583 689 ut
614 617 741 688 liberos
773 634 983 716 procreent,
1011 633 1047 688 et
1076 619 1257 691 interioris
1280 618 1342 690 do'·

299 772 380 816 mus
411 771 534 816 curam
560 749 767 844 suscipiant,
788 772 905 841 quum
919 751 956 816 in
974 745 1215 816 exterioribus
1230 745 1343 818 homo

300 873 518 972 plerumque
544 873 763 946 detineatur.
786 876 858 945 Nec
877 873 970 944 alius
986 889 1037 944 est
1058 873 1219 971 conjugii
1244 871 1342 946 linis.

339 1005 390 1110 'ln
421 1026 531 1072 uxore
564 999 730 1072 ducenda
763 1001 894 1096 igitur,
923 1006 978 1071 vir
1003 1001 1049 1072 ad
1081 1027 1120 1071 ea
1154 1000 1344 1072 intendere

210 1173 214 1180 -
264 1133 266 1137 ’
299 1127 407 1199 debet
430 1153 511 1225 quae
537 1127 583 1200 ad
614 1153 717 1200 usum
746 1133 826 1200 vitae
851 1145 1016 1227 prosunt,
1039 1128 1266 1200 nobilitatem
1280 1133 1346 1201 sci·

299 1256 396 1345 licet,
434 1261 569 1329 amicos
608 1273 643 1328 et
674 1257 835 1347 divitias,
868 1283 1102 1356 quanquam,
1140 1262 1168 1328 si
1201 1262 1246 1328 sit
1271 1259 1346 1358 pri-

299 1405 415 1474 vatus,
430 1385 546 1458 multo
564 1385 737 1458 nobiliori
760 1404 824 1458 aut
847 1385 971 1459 ditiori
996 1387 1177 1458 abstinere
1193 1385 1344 1474 debeat;

205 1513 207 1516 ’
257 1583 259 1586 ,
300 1511 618 1612 pulchritudinem
649 1513 783 1585 deinde
817 1531 853 1584 et
888 1513 1140 1612 proceritatem
1165 1519 1344 1612 emporia,

301 1645 432 1712 amoris
456 1658 493 1712 et
514 1645 701 1740 progeniei
731 1667 853 1726 causa,
877 1644 1160 1739 temperantiam
1174 1639 1345 1736 denique,

302 1784 338 1840 et
353 1768 551 1866 quamdam
569 1781 643 1840 non
669 1767 832 1841 servilem
852 1774 1014 1866 φιλεργίαν,
1033 1741 1071 1840 in
1089 1769 1351 1867 adjumentum

234 1901 241 1916 '
303 1901 566 1996 temperantiam
593 1897 655 1968 sed
676 1895 771 1968 nihil
796 1895 898 1967 aliud
926 1895 1084 1995 optabit,
1108 1923 1175 1968 nec
1191 1897 1270 1968 aliis
1294 1897 1345 1968 fc·

304 2027 401 2096 mina
417 2023 496 2122 eget
509 2026 555 2097 ad
570 2041 690 2125 partes
710 2052 791 2097 suas
808 2030 846 2095 in
863 2024 997 2096 familia
1013 2025 1227 2122 implendas.
1296 2073 1298 2076 -

350 2153 476 2225 Talem
507 2155 663 2252 henigne
694 2170 728 2244 et
764 2158 879 2226 amice
915 2154 971 2226 vir
1007 2155 1188 2253 tractabit,
1220 2154 1281 2228 sed
1308 2155 1347 2226 in

304 2282 413 2352 tutela
438 2307 581 2377 semper
609 2281 769 2370 habebit,
795 2286 899 2378 quasi
923 2297 1043 2354 rector
1070 2298 1133 2353 aut
1158 2287 1346 2378 maginem

302 2426 349 2498 et,
366 2409 468 2481 malae
486 2409 602 2481 indoli
617 2386 770 2500 dil'fisus,
787 2437 981 2508 nunquam
996 2407 1043 2481 ad
1064 2436 1127 2482 sua
1146 2408 1295 2482 consilia
1313 2426 1348 2480 et

302 2538 348 2608 ad
362 2555 494 2610 secreta
510 2539 688 2627 admittet,
701 2539 770 2610 nisi
784 2565 900 2636 quum
914 2544 1058 2610 tacitam
1069 2555 1104 2610 et
1116 2539 1346 2638 prudentem,

303 2666 402 2763 quod
421 2694 610 2766 perrarum
626 2683 695 2755 est,
709 2667 771 2738 diu
795 2667 1029 2764 multumque
1044 2667 1295 2766 exploraverit.

354 2799 548 2870 Mediocris
584 2797 670 2870 inde
703 2799 848 2870 feminae
879 2803 919 2868 in
950 2798 1061 2870 donau
1082 2798 1254 2896 dignitas,
1283 2824 1350 2870 nec

302 2927 341 2998 in
364 2926 502 3024 majore
524 2926 621 3026 apud
649 2927 833 3023 AEpidium
860 2953 972 3022 quam
994 2925 1092 3026 apud
1119 2924 1347 2998 Aristotelem
1415 2909 1418 2914 ¹

303 3052 442 3138 honore
482 3079 572 3126 uxor
602 3052 748 3141 habita;
777 3058 879 3152 quasi
906 3055 951 3125 ad
983 3054 1202 3126 feminarum
1235 3051 1351 3150 digni·

303 3202 411 3255 tatem
438 3181 530 3254 nihil
557 3184 768 3256 contulisset
793 3182 999 3257 Christiana
1027 3183 1166 3280 religio,
1196 3209 1261 3255 nec
1289 3181 1350 3252 lal-
1402 3231 1408 3250 .

303 3335 380 3384 sam
413 3309 508 3380 hanc
539 3309 818 3406 inaequalitatem
852 3309 1047 3382 rescidisset
1073 3314 1168 3382 inter
1193 3309 1287 3380 viros
1314 3326 1350 3378 et

302 3435 391 3527 illas,
406 3442 432 3508 si
450 3463 522 3509 non
538 3436 584 3507 ad
601 3436 725 3510 eaderu
745 3436 864 3508 officia
891 3438 1047 3534 genitas,
1067 3454 1103 3508 at
1123 3434 1249 3508 saltem
1272 3459 1348 3504 non

304 3565 442 3663 pejores
458 3583 601 3653 natura,
620 3591 684 3636 nec
701 3565 850 3636 minoris
864 3565 961 3664 apud
977 3569 1098 3636 Deum
1112 3563 1250 3662 pretii(
1274 3563 1298 3656 ).

354 3697 435 3764 Non
465 3720 579 3765 unum
610 3711 743 3780 tamen,
783 3719 849 3764 nec
875 3719 917 3764 ex
942 3718 1019 3766 uno
1044 3691 1235 3764 Aristotele
1264 3689 1350 3761 talia

305 3839 471 3902 nostrum
509 3823 657 3894 sensisse
692 3820 976 3893 existimandum
1016 3836 1089 3908 est;
1130 3819 1252 3890 eadem
1297 3835 1351 3890 est

336 4042 369 4112 ll)
389 4045 476 4096 Cuuier
494 4061 547 4094 cnm
570 4053 669 4094 tractatu
694 4045 818 4094 Fenclouis
839 4045 868 4094 dc
889 4045 1006 4110 virginum
1030 4042 1234 4094 institutionc.—
1253 4046 1350 4106 Quanto

303 4137 382 4204 potior
402 4136 526 4184 Frnolonis
538 4136 668 4183 sententia!
688 4134 775 4182 Confer
796 4122 865 4183 ctiam
889 4151 942 4184 oum
961 4133 1125 4201 Xenophonte
1138 4134 1162 4181 iu
1176 4131 1348 4182 AEcnnomiris.

304 4229 400 4288 Quanto
415 4226 498 4274 nimius
514 4243 525 4274 a
539 4231 634 4273 Sacram
648 4239 719 4288 quam
733 4224 762 4272 alr
776 4225 902 4274 Aristotele
917 4234 940 4272 rt
952 4223 1045 4286 AEgidio
1057 4222 1144 4272 habire
1155 4221 1262 4272 lemine!
