3124 5056
744 485 939 552 „64-

319 677 382 749 est,
410 665 609 760 pessimum
633 670 697 750 est',
722 666 807 758 quia
829 665 868 732 in
893 658 996 731 nullo
1018 659 1101 759 pius
1126 686 1146 730 a
1173 667 1364 734 communi

319 791 416 862 bono
438 791 649 865 disceditur.
668 790 799 862 Melior
818 790 902 861 inde
924 793 1144 896 aristocratia
1165 817 1277 886 quam
1298 819 1366 891 po·
1429 827 1437 840 ·

318 917 413 1006 litia,
438 925 523 1013 quia
551 919 695 988 Untaas
726 921 877 1017 propior
908 936 959 989 est
969 948 978 1006 ;
1002 917 1061 988 sed
1104 917 1206 1017 pejor
1231 917 1365 1016 aligar-

319 1043 402 1116 chia
425 1071 536 1141 quam
558 1044 796 1133 democratia,
821 1049 905 1142 quia
933 1071 951 1114 a
979 1045 1169 1116 communi
1193 1051 1363 1144 omnium

322 1171 475 1243 utilitate
491 1177 603 1268 magis
616 1171 734 1244 distat.

367 1305 444 1373 Hoc
466 1305 601 1401 posito,
626 1302 870 1401 quaerendum
898 1319 950 1374 est
972 1303 1058 1374 inde
1086 1319 1211 1375 atram
1237 1303 1363 1377 meiius

318 1455 384 1530 per
397 1427 658 1517 haereditatem,
673 1456 720 1500 an
742 1457 807 1529 per
827 1429 1052 1519 electionem,
1071 1457 1228 1528 regnum
1245 1447 1363 1504 trans-

318 1557 468 1629 feratur.

370 1690 499 1778 Quum
529 1685 645 1757 multa
671 1691 711 1758 in
741 1684 952 1760 haereditate
979 1693 1078 1785 regni
1109 1715 1127 1758 a
1160 1689 1306 1760 fortuna
1329 1705 1364 1761 et

246 1869 247 1874 ι
319 1841 403 1888 casu
437 1813 597 1915 pendere
621 1817 778 1905 soleant,
819 1817 857 1887 in
883 1816 1058 1888 electione
1090 1833 1212 1889 autem
1239 1816 1364 1914 -major

320 1943 366 2014 sit
386 1943 592 2042 prudentiae
615 1960 650 2016 et
674 1943 862 2043 sapientiae
888 1943 999 2030 loouS,
1021 1943 1231 2016 electionem
1254 1943 1364 2016 haerc-

319 2069 421 2144 ditati
446 2087 691 2171 praeposuerat
718 2069 949 2160 Aristoteles,
975 2097 1083 2170 quem
1111 2071 1297 2143 manifeste
1324 2077 1364 2143 in

319 2203 457 2273 Summa
478 2196 675 2297 Theoiopica
688 2215 833 2271 secutas
849 2215 926 2270 erat
939 2203 1115 2296 AquinaS,
1133 2200 1179 2270 ita
1198 2215 1239 2270 ut
1261 2199 1309 2270 ilii
1323 2226 1364 2270 ca

320 2336 454 2430 optima
483 2329 666 2401 videretur
704 2361 718 2392 ιι
752 2330 919 2400 ordinatio
949 2335 1143 2428 principum
1179 2335 1213 2399 in
1249 2329 1363 2429 aliqua

325 2493 339 2524 a
358 2425 506 2542 ciminia,
530 2455 583 2528 nei
599 2482 713 2554 rapno,
733 2461 767 2528 in
791 2483 858 2556 qua
882 2483 968 2545 anais
980 2456 1167 2557 praeficitur
1184 2457 1364 2529 secundum

325 2620 339 2650 ιι
360 2592 532 2671 uirtutem,
554 2589 613 2684 qui
634 2589 786 2656 omnibus
805 2590 931 2684 proesit,·
950 2601 982 2656 et
999 2581 1059 2654 sub
1080 2591 1148 2683 ipso
1166 2601 1242 2655 sunt
1261 2581 1366 2684 aliqui
1404 2637 1410 2645 .

328 2749 339 2780 ι
356 2720 581 2814 principantes
596 2714 775 2785 acciendum
796 2719 952 2784 virtutem
962 2744 974 2798 ;
990 2729 1020 2784 et
1038 2729 1148 2784 tamen
1173 2710 1248 2784 tuiis
1266 2719 1364 2812 priu-

326 2876 340 2906 a
358 2843 546 2941 eipatas·ad
563 2865 676 2912 omues
688 2845 841 2940 pertinet,
862 2855 930 2910 tam
945 2845 1026 2939 quia
1045 2865 1086 2910 en
1098 2839 1273 2910 omnibus
1287 2838 1366 2937 eiipi

326 3003 340 3032 ιι
355 2987 502 3070 possunt,
522 2987 591 3040 tam
606 2975 686 3070 quia
706 2975 805 3040 etiam
824 2965 872 3039 ab
887 2968 1060 3040 omnibus
1078 2969 1257 3067 eliquatur.
1276 2968 1365 3040 Taiis

326 3128 340 3160 ιι
359 3125 435 3169 vero
462 3115 508 3168 cst
533 3104 640 3169 omnis
665 3097 785 3192 politia
810 3094 889 3167 irene
911 3102 1094 3168 commixta
1117 3124 1159 3167 ea·
1184 3123 1305 3194 vepna,
1329 3101 1362 3166 iu

326 3259 339 3289 ιι
358 3242 521 3325 quantum
537 3224 648 3295 multis
666 3251 751 3296 rinus
762 3241 880 3323 praeest
888 3256 900 3310 ;
921 3251 964 3296 ex
978 3231 1200 3312 aristocratia,
1212 3231 1246 3296 in
1258 3251 1363 3325 qrrau·
1398 3291 1401 3298 .

325 3388 340 3418 a
361 3371 430 3425 tum
457 3352 554 3425 multi
578 3359 814 3453 principantur
844 3356 1026 3426 secaindum
1058 3361 1232 3440 virtutem;
1260 3371 1292 3426 et
1323 3381 1365 3427 ex

324 3486 581 3572 «democratia,
605 3485 640 3554 id
663 3499 725 3570 est,
752 3499 905 3583 potestate
922 3483 1052 3585 populi,
1075 3491 1108 3556 in
1136 3501 1299 3586 qtrantum
1322 3513 1364 3557 ex

325 3611 573 3714 “popularibus
597 3627 734 3712 possunt
761 3612 838 3709 elipi
870 3617 1055 3712 principes,
1083 3629 1113 3684 et
1142 3613 1188 3684 ad
1202 3613 1363 3713 populum

324 3775 338 3804 a
357 3746 499 3840 pertinet
519 3738 632 3811 electio
643 3744 853 3838 principum.
873 3741 920 3809 Et
942 3737 1005 3813 iaoc
1013 3741 1090 3837 fuit
1111 3747 1292 3814 institutum
1314 3768 1365 3812 se-

325 3901 339 3932 ιι
358 3870 503 3941 cundum
516 3867 618 3964 lepem
630 3867 792 3952 divinam,
806 3893 887 3938 nam
903 3871 1087 3967 Moyses...
1104 3887 1172 3942 etc.
1188 3871 1250 3964 (1).
1269 3903 1283 3933 ιι

370 3995 584 4083 Hieautem,
594 3993 1166 4098 nonminusabAquinatequam
1179 3997 1226 4069 ab
1236 4000 1366 4070 Aristo·

356 4276 385 4347 (t)
406 4278 484 4327 Prima
497 4274 622 4336 secundae,
637 4275 734 4342 quaestio
747 4277 802 4338 1⁰5,
820 4289 866 4329 art.
881 4281 904 4329 i.
