3126 5058
624 505 816 571 ..r-1...

246 679 327 772 Non
351 681 390 748 in
415 672 627 764 honoribus,
652 683 826 774 quoniam
852 677 897 748 ab
922 675 999 748 aliis
1025 675 1237 748 hominibus

196 805 369 904 pendent,
395 831 514 903 quum
540 831 619 880 vera
642 806 791 880 felicitas
815 804 981 904 sibiipsa
1005 804 1180 895 sulficere,
1203 823 1239 876 et

195 956 304 1030 penes
321 937 387 1004 nos
405 948 478 1004 tota
496 958 571 1005 esse
588 932 731 1004 debeat.
1113 929 1117 936 ’

246 1063 328 1166 Non
341 1065 380 1132 in
395 1060 519 1158 gloria,
534 1066 707 1158 quianon
721 1080 870 1160 propter
882 1087 918 1133 se
931 1061 1087 1162 optanda
1102 1079 1166 1154 est,
1179 1061 1240 1134 sed

197 1205 347 1287 propter
367 1193 555 1279 virtutem,
580 1191 683 1288 cujus
707 1189 900 1290 praemiurn
918 1216 992 1264 esse
1018 1189 1173 1280 videtur,
1194 1194 1243 1260 ita

197 1331 240 1386 ut
255 1315 370 1387 virtus
384 1315 430 1388 sit
446 1317 554 1388 laude
572 1319 706 1418 potior.

248 1447 331 1542 NQt
345 1444 385 1515 in
398 1445 472 1544 ipsa
487 1446 659 1544 potentia,
671 1451 754 1543 quia
769 1473 834 1547 per
849 1446 903 1518 fas
915 1464 950 1518 et
964 1447 1063 1520 nefas
1078 1445 1244 1520 violentia

199 1579 414 1674 acquiritur,
428 1592 463 1648 et
478 1574 571 1647 nihil
585 1575 674 1648 inde
689 1577 815 1649 stabile
830 1603 896 1649 nec
912 1575 1120 1649 honestum.

166 1824 220 2044 ζ
250 1838 294 1907 ln
308 1861 433 1909 amore
448 1839 529 1927 Dei,
546 1861 620 1934 quo
635 1834 726 1908 nihil
744 1837 876 1908 melius
890 1854 953 1924 est,
975 1861 1079 1908 suam
1094 1834 1243 1908 felicita·
1321 1886 1330 1932 ·.

115 2029 121 2040 .
198 1981 273 2037 tem
302 1980 411 2064 ponet
442 1969 630 2065 princeps;
664 1963 871 2037 obedientia
902 1979 1027 2038 autem
1065 1960 1245 2061 probatur
1307 1963 1309 1966 ’

198 2119 316 2182 amor;
342 2091 481 2166 felicem
496 2119 581 2192 ergo
595 2119 631 2165 se
654 2093 775 2165 credet
796 2117 875 2182 rex,
893 2097 922 2163 si
940 2093 1039 2188 jussa
1060 2094 1125 2160 Dei
1148 2117 1245 2162 exse-

85 2219 88 2224 ’
199 2237 345 2317 quetur,
362 2219 476 2310 idest,
492 2225 520 2290 si
533 2220 680 2320 populis
696 2224 890 2320 imperitet,
907 2235 947 2290 ut
965 2223 1111 2290 Deusiis
1127 2222 1244 2316 irnpe-

199 2375 237 2422 ra
244 2353 272 2420 ri
284 2348 402 2446 jubet.
424 2381 439 2412 α
456 2351 612 2421 Maxime
625 2365 736 2421 autem
749 2352 842 2422 Deus
858 2355 995 2448 requirit
1009 2376 1030 2419 α
1039 2347 1245 2448 principibus

204 2506 220 2539 a
238 2491 275 2546 ut
289 2502 351 2574 per
367 2477 582 2575 prudentiam
599 2493 630 2548 et
653 2477 757 2574 lepem
775 2476 937 2578 populum
954 2473 1017 2548 stlt
1037 2481 1244 2548 commissum

205 2637 219 2667 u
229 2607 322 2703 juste
337 2619 369 2675 et
385 2621 494 2676 sancte
514 2621 641 2703 repant.
661 2640 674 2670 a
694 2607 745 2676 Ex
766 2631 891 2678 amore
916 2603 1041 2676 divino
1062 2607 1184 2702 igitur,
1206 2605 1244 2676 in

114 2825 119 2832 ι
200 2733 377 2833 prudenti
394 2751 429 2806 et
438 2735 538 2832 justo
553 2759 703 2805 suorum
722 2733 897 2832 regimine
911 2732 1119 2806 felicitatem
1142 2759 1246 2804 suam

201 2873 331 2962 ponet;
346 2879 381 2935 et
391 2863 478 2933 inde
490 2863 530 2936 in
541 2863 678 2960 politica
694 2866 764 2935 vita
778 2863 872 2934 bene
891 2889 929 2934 se
946 2861 1107 2936 habebit.

251 2995 346 3092 Ergo
361 3018 437 3064 non
459 2993 515 3066 sui
532 3018 635 3064 causa
656 3018 713 3063 rex
733 2993 771 3064 in
789 3008 963 3093 potestate
983 2997 1243 3066 constituitur:

175 3123 371 3314 [princeps
397 3119 515 3193 estad
537 3120 574 3192 id
598 3121 717 3194 solum
743 3138 797 3213 ut,
818 3127 882 3194 Dei
906 3127 1119 3212 reverentia,
1142 3148 1247 3194 com-
1274 3205 1278 3237 ι

171 3249 309 3341 ,muni
326 3221 422 3321 boni)
437 3249 615 3320 consulat.
632 3252 665 3320 Si
680 3254 838 3349 propriae
857 3277 930 3322 suae
948 3250 1092 3321 utilitati
1111 3273 1248 3322 consu·
1277 3241 1292 3259 ⁵

202 3374 301 3470 leret,
319 3381 395 3450 Deo
413 3375 671 3473 inobsequens,
684 3393 720 3448 et
736 3383 944 3476 principatu
963 3376 1151 3475 indignus,
1169 3377 1247 3474 jam

202 3529 279 3576 non
300 3530 362 3576 rex
382 3505 446 3576 sed
466 3521 641 3602 tyrannus
657 3501 767 3591 fieret,
789 3481 838 3593 et,
858 3504 990 3576 ultioni
1014 3504 1146 3575 divinae
1168 3521 1248 3602 post

202 3649 355 3705 mortem
370 3632 561 3722 obnoxius,
579 3648 653 3705 tota
670 3631 845 3703 felicitatis
864 3636 919 3702 via
934 3635 1009 3730 jam
1028 3636 1067 3702 in
1090 3629 1157 3704 hac
1174 3633 1246 3704 vita

203 3758 398 3834 aberraret.
818 3740 822 3756 ¹

254 3893 301 3985 lis
322 3906 443 3962 tamen
474 3885 720 3986 voluptatibus
744 3905 779 3959 et
807 3887 1018 3978 commodis,
1046 3887 1246 3985 inquibus

205 4046 308 4091 suam
328 4018 530 4090 felicitatem
550 4043 684 4116 ponere
705 4042 780 4110 non
798 4016 918 4107 debet,
933 4043 1009 4090 non
1027 4018 1179 4088 omuino
1195 4014 1247 4085 illi

205 4146 450 4234 interdicitur,
468 4171 587 4242 quum
602 4149 677 4215 sine
692 4146 746 4235 iis,
763 4164 804 4217 ut
817 4151 925 4217 sensit
939 4143 1155 4232 Aristoteles,
1178 4148 1271 4237 Vllss]

184 4266 360 4404 {perfecte
387 4271 489 4342 beata
512 4298 586 4344 esse
612 4298 684 4344 non
717 4279 845 4371 possit3
871 4271 932 4343 sed
956 4277 1004 4343 cis
1031 4288 1188 4357 tantum,
1207 4287 1248 4339 ut
