3124 5056
728 491 918 557 e-lss-

357 667 440 738 Haec
464 663 509 738 de
529 669 638 738 servis
653 664 848 738 sufficiant.
879 669 931 738 De
953 669 1164 740 inanimatis
1184 671 1264 740 vitae
1284 674 1351 740 ins·

307 798 502 865 trumentis
520 818 634 892 pauca
651 817 751 864 nunc
766 793 940 866 dieamus.

356 923 397 992 ln
427 921 555 1020 primis
570 921 707 993 diversa
720 937 807 992 sunt
824 922 973 993 vivendi
990 947 1143 1020 genera,
1169 939 1204 996 et
1218 921 1350 998 diversi

306 1053 473 1146 pecuniae
488 1048 673 1120 lucrandae
686 1047 800 1122 modi.

357 1177 526 1266 Quatuor
538 1182 617 1248 vitae
630 1201 771 1273 genera,
785 1175 949 1276 pascuale
961 1176 1108 1268 scilicet,
1121 1183 1349 1278 piscativum,

203 1317 206 1323 ’
306 1309 515 1376 venativum
533 1319 567 1376 et
581 1305 793 1394 furativum,
809 1304 1005 1376 Aristotelis
1019 1305 1144 1394 instar,
1161 1307 1352 1380 constituit

305 1432 483 1530 AEgidius3
500 1459 659 1529 quorum
673 1439 741 1504 tria
758 1448 900 1505 tantum
919 1452 1005 1506 sunt
1016 1433 1179 1524 honesta,
1191 1441 1348 1535 impium

305 1579 425 1635 autern
441 1563 643 1634 iurativum
654 1588 777 1661 genus.

356 1690 482 1761 Plures
497 1689 583 1761 hinc
598 1696 766 1790 pecuniae
779 1691 966 1762 lucrandae
980 1691 1093 1779 modi,
1114 1719 1186 1764 non
1199 1699 1350 1766 omnino

303 1845 387 1890 curn
411 1829 572 1915 quatuor
596 1819 665 1890 illis
686 1823 766 1889 vitae
785 1819 980 1916 generibus
996 1839 1257 1916 congruentes,
1286 1819 1349 1894 sed

303 1972 395 2044 quos
423 1951 568 2045 agnovit
587 1945 812 2035 Aristoteles,
835 1972 895 2018 seu
919 1949 1113 2045 pecuniam
1132 1947 1177 2020 de
1198 1947 1350 2048 praedio-

304 2101 388 2146 rum
405 2075 586 2147 fructibus
602 2089 835 2165 mutuemur3
851 2084 914 2147 seu
930 2092 1152 2150 mercaturas
1164 2077 1349 2165 faciamus3

304 2229 365 2275 seu
377 2229 524 2302 operam
535 2220 694 2275 nostram
708 2204 974 2292 conducamus,
988 2221 1028 2275 ut
1040 2207 1272 2293 mercenarii3
1287 2231 1349 2278 seu

303 2351 419 2406 artem
432 2335 592 2430 aliquam
608 2361 675 2434 pro
692 2335 860 2406 mercede
875 2361 1118 2425 exerceamus,
1143 2353 1184 2407 ut
1196 2337 1346 2426 medici3

303 2490 365 2537 seu
381 2481 590 2562 temporum
607 2463 816 2535 locorumve
839 2465 1128 2564 opportunitates
1153 2466 1349 2566 speculati,

303 2593 458 2664 multam
485 2599 681 2693 pecuniam
704 2593 854 2664 consilio
879 2609 913 2664 et
937 2593 1133 2692 prudentia
1154 2593 1351 2692 aliquando

302 2727 505 2822 pariamus;
533 2749 594 2794 sen
620 2721 781 2818 denique
812 2747 987 2795 nummos
1010 2728 1048 2794 in
1073 2723 1215 2796 foenore
1240 2747 1350 2824 pona-

303 2876 402 2940 mus;
417 2851 645 2950 quiquidem
660 2850 773 2940 modi,
782 2868 914 2952 praeter
926 2871 1143 2942 extremum,
1153 2870 1236 2926 sunt
1250 2853 1349 2944 liciti,

302 2979 363 3053 sed
386 2980 521 3078 quihus
552 3005 652 3078 reges
677 2978 860 3053 abstinere
891 2979 1009 3069 decet,
1034 2981 1107 3052 nisi
1136 2983 1300 3082 pecuniis
1331 3007 1352 3052 e

198 3128 199 3132 ’
303 3109 525 3208 praediorum
542 3107 721 3178 fructibus
743 3122 806 3177 aut
827 3133 846 3178 c
865 3123 1076 3206 temporum
1108 3109 1351 3209 speculatione

260 3283 263 3288 ,
303 3242 526 3337 comparatis.

258 3477 261 3482 '
302 3467 359 3535 quia
369 3475 485 3535 pretextu
494 3464 586 3532 pietatis
600 3479 649 3512 non
666 3473 699 3514 esi
713 3463 820 3513 iacienda
833 3464 951 3531 impietas.
966 3470 1049 3530 Quum
1067 3467 1140 3534 igitar
1155 3468 1269 3534 ’flajanum
1284 3468 1314 3522 eit
1327 3477 1351 3518 et

301 3559 413 3624 iniquum
433 3557 496 3622 quod
517 3554 603 3618 aliquis
627 3555 680 3603 sinc
699 3555 768 3621 culpa
792 3555 898 3620 privetur
917 3556 973 3620 jure
998 3572 1059 3616 suo,
1079 3558 1184 3608 Ecclesia
1204 3574 1252 3607 non
1273 3566 1351 3623 potest

301 3657 415 3707 uetuere,
427 3655 453 3695 ut
467 3646 597 3712 imperator
609 3645 646 3692 vel
657 3644 718 3692 alius
730 3643 906 3708 priveturjure,
917 3643 981 3708 quod
994 3643 1077 3694 habuit
1093 3648 1117 3694 in
1130 3651 1257 3696 Personam
1271 3651 1348 3712 Papae,

300 3745 428 3801 antequam
446 3743 506 3784 esset
528 3734 557 3782 ad
577 3738 691 3799 Papatum
715 3741 859 3798 assumptus.
882 3733 962 3793 Quam
976 3732 1109 3782 doctrinam
1129 3734 1238 3783 Gelasins
1258 3733 1351 3784 ridetur

301 3826 388 3890 ecqui,
407 3822 526 3873 affirmans
537 3821 601 3887 quod
615 3820 676 3869 servi
689 3819 843 3882 dominorum
863 3833 960 3868 suorum
973 3819 1027 3886 jura
1045 3821 1089 3870 sub
1108 3821 1207 3872 obtentu
1229 3823 1350 3886 religionis

301 3912 382 3978 lugere
394 3911 494 3961 minime
513 3910 620 3967 debent,
632 3923 664 3958 ne
675 3925 719 3975 per
732 3909 860 3960 Christiani
872 3909 978 3957 nominis
991 3910 1125 3960 institutum
1143 3919 1183 3962 aut
1201 3912 1278 3962 aliena
1294 3913 1349 3977 jur'a

300 3997 534 4066 videantor'pervadi
543 4033 549 4058 ,
559 4007 600 4047 ant
613 3995 710 4063 publica
723 3997 849 4063 disciplina
859 3997 970 4064 perverti.

406 4087 525 4154 (ockara,
542 4095 596 4137 octo
611 4085 921 4152 quaestiones—Goliam,
941 4095 958 4138 t.
975 4091 1005 4148 2,
1019 4087 1182 4154 monarchia,
1194 4107 1219 4156 q.
1235 4093 1262 4158 ³,
1276 4107 1298 4141 r.
1312 4091 1348 4153 2.)

339 4218 352 4243 ιι
364 4195 453 4248 Eadem
465 4196 537 4246 sentit
552 4195 637 4261 Fleury
648 4195 674 4244 iu
688 4195 797 4245 oratione
808 4194 838 4245 de
847 4194 945 4245 historia
961 4195 1134 4262 Ecclesiastico,
1145 4195 1176 4246 ab
1185 4213 1248 4248 anno
1258 4199 1300 4246 DC
1318 4197 1347 4246 ad

302 4299 390 4334 aunum
401 4283 459 4335 MC.
475 4305 487 4329 a·
