3126 5058
712 483 905 576 -247-

290 653 454 727 indolem
477 667 612 729 attente
638 660 839 756 perspiciet,
867 685 943 756 quo
965 665 1098 735 certius
1122 668 1332 762 possit-eam

186 815 189 820 ·
292 783 331 864 in
368 781 513 854 debitum
552 783 664 854 finem
706 785 873 882 dirigere.
913 790 981 861 Sed
1019 789 1095 862 haer
1131 792 1256 865 omnia
1291 797 1332 864 in

291 914 399 982 tertio
426 909 519 982 libro
547 915 662 1008 magis
689 911 850 1013 explicita
879 918 1113 1014 reperiemus.

344 1365 466 1433 Prima
489 1365 529 1432 in
555 1368 720 1460 appetitu
744 1366 858 1434 virtus
883 1377 937 1434 est
960 1363 1105 1436 Justitia
1129 1368 1334 1461 (δικαιοσύνη),

293 1515 376 1586 quae
400 1487 545 1560 duobus
570 1489 688 1561 modis
718 1489 870 1588 intelligi
895 1506 1026 1590 potest:
1135 1575 1139 1578 ,

293 1657 295 1663 2
395 1606 609 1682 Secundum
625 1607 759 1704 legem;

395 1738 470 1807 Aut
493 1733 694 1808 seeundum
716 1740 935 1833 aequitatem.

346 1937 380 2006 Si
416 1931 621 2006 secundum
654 1931 770 2029 legem
812 1931 1005 2031 intelligas,
1034 1933 1176 2005 Justitia
1213 1938 1339 2032 omnia

297 2058 506 2156 exsequitur
526 2081 608 2153 quae
632 2054 772 2153 legibus
799 2057 1082 2156 praecipiuntur;

347 2183 605 2257 sisenandum
630 2183 853 2279 aequitatem,
878 2184 1023 2254 Justitia
1047 2188 1178 2284 cuique
1206 2181 1341 2273 reddit,

298 2312 400 2411 quod
423 2317 455 2382 ei
481 2337 523 2384 ex
543 2313 710 2406 aequitate
736 2309 980 2383 tribuendum
1009 2327 1072 2382 est.

349 2446 453 2513 Prior
482 2439 630 2536 quidem
659 2440 763 2536 quasi
793 2453 1005 2511 caeterarum
1039 2440 1218 2511 virtutum
1247 2441 1343 2514 vices

300 2566 487 2668 adimpiet,
502 2593 619 2664 quum
634 2566 773 2663 legibus
788 2567 937 2666 praeeipi
954 2565 1108 2638 debeant
1122 2571 1244 2638 omnia
1261 2587 1348 2665 quae'

301 2695 498 2768 virtutibus
535 2694 819 2794 praeoipiuntur;
845 2700 893 2765 ita
920 2710 960 2764 ut
993 2694 1115 2791 legum
1144 2695 1346 2768 reverentia

302 2823 447 2920 exsequi
468 2826 647 2921 possimus
669 2822 792 2893 omnia
811 2847 893 2919 quae
914 2819 1143 2918 singularum
1166 2827 1344 2896 virtutum

304 2952 425 3025 studio
439 2950 683 3049 exsequimur.

355 3080 491 3171 Altera,
509 3106 591 3180 quae
609 3082 756 3180 proprie
774 3078 918 3151 iustitia
934 3093 1001 3166 est,
1017 3105 1118 3177 aequa
1132 3096 1184 3152 est
1200 3085 1345 3179 partitio

305 3211 488 3284 bonorum
505 3207 649 3280 illorum
663 3212 899 3296 exteriorum,
911 3233 995 3304 quae
1009 3213 1047 3280 in
1066 3208 1192 3280 eadem
1206 3213 1348 3282 civitate

307 3341 519 3410 eommunia
533 3351 629 3407 sunt.
646 3333 806 3406 Laeditur
820 3359 873 3426 ea,
896 3335 925 3406 si
944 3340 1026 3431 quis
1046 3335 1130 3434 plus
1144 3353 1208 3409 aut
1225 3341 1348 3410 minus

307 3464 418 3538 habet
441 3489 554 3562 quam
579 3462 693 3534 decet.
718 3468 760 3535 ln
786 3461 947 3560 quodam
971 3461 1090 3534 medio
1112 3463 1227 3561 igitur
1254 3467 1350 3535 inter

307 3593 391 3693 plus
413 3608 477 3664 aut
497 3591 622 3664 miuus
642 3617 753 3690 quam
770 3588 873 3661 decet
894 3604 1050 3680 constat,
1070 3595 1109 3661 in
1136 3599 1211 3689 quo
1231 3590 1350 3662 medio

309 3722 458 3819 aequitas
474 3737 538 3792 est.

360 3844 428 3920 Sed
444 3871 483 3919 ea
502 3870 626 3916 rursus
639 3842 784 3916 duobus
802 3840 917 3914 modis
931 3859 984 3915 est
998 3843 1241 3944 intelligenda.

359 3976 504 4047 Justitia
527 3975 626 4044 enim
652 3987 687 4044 et
709 3975 748 4041 in
771 3976 1055 4044 commutatione
1075 3997 1204 4045 earum
1228 3999 1352 4045 rerum

310 4117 374 4194 est,
393 4129 477 4200 quae
496 4119 673 4175 emuntur
694 4113 757 4171 aut
779 4098 1002 4190 venduntur,
1027 4105 1144 4172 autin
1167 4100 1352 4173 bonorum

311 4229 537 4302 malorumve
552 4228 772 4302 exteriorum
787 4225 1055 4306 distributione.
