3124 5056
629 458 824 534 ..75-

255 631 338 709 Non
364 628 485 720 debita
506 635 629 730 igitur,
655 633 859 709 secundum
873 635 1069 734 AEgidium,
1094 633 1251 710 cuicun-

137 811 142 821 ι
205 782 278 855 que
306 758 483 858 principi,
507 776 736 862 quaeeunque
765 761 1007 864 praecipienti,
1033 763 1249 850 ohedientia.

205 889 338 984 Regem
351 889 552 991 potentiam
567 889 660 969 male
674 890 862 992 adeptum,
873 907 936 975 aut
946 916 1002 964 res
1012 892 1105 986 male
1119 891 1253 990 guber·

206 1029 369 1104 nantem,
382 1015 543 1116 populus
562 1017 647 1114 jure
663 1019 854 1094 extrudere
869 1033 984 1120 potest
994 1048 1004 1106 ;
1026 1034 1062 1090 et
1077 1019 1166 1099 inde
1182 1017 1253 1092 sal-

79 1214 82 1220 ,
206 1141 506 1243 temeliquasunt
518 1148 626 1242 regiae
638 1144 788 1225 licentiae
803 1144 1073 1248 impedimenta.
1086 1143 1151 1224 Sed
1167 1171 1250 1218 nus-

206 1268 403 1364 quam-alia
421 1269 592 1370 quaelibet
607 1270 696 1346 huic
710 1273 956 1358 dominationi
972 1274 1073 1356 frena
1088 1273 1250 1372 inquire.

206 1398 312 1472 Nulla
336 1405 494 1474 enimin
520 1402 664 1502 publiea
687 1429 812 1491 reruni
834 1402 1148 1495 administratione
1170 1393 1263 1501 1³i¹rsv
1316 1439 1319 1444 ·
1361 1453 1366 1470 ,

205 1547 258 1604 est
280 1528 415 1628 populo
438 1529 631 1620 attributa,
647 1547 682 1612 et
701 1548 753 1604 est
777 1531 872 1602 inter
897 1529 1060 1605 subditos
1084 1535 1253 1630 princeps

206 1673 247 1728 ut
267 1660 388 1744 anima
409 1657 505 1750 inter
526 1657 689 1748 membra
703 1674 739 1748 et
757 1662 797 1753 in
815 1681 979 1761 corpore.
998 1660 1132 1746 Omnia
1149 1655 1252 1750 abeo

205 1789 389 1876 oriuntur,
399 1792 521 1876 omnia
534 1785 630 1858 illius
652 1763 747 1862 nuto
771 1778 886 1858 fiunt:
909 1820 923 1848 ιι
941 1791 1013 1860 Rex
1032 1793 1122 1862 enim
1138 1802 1195 1874 est,
1211 1802 1253 1860 ut

212 1947 226 1976 ιι
256 1915 307 1988 uit
328 1915 490 2020 AEgidius
513 1916 581 2012 (r),
606 1920 702 2014 quusi
729 1901 904 2012 snpittalor
929 1915 1088 2017 nauriunt,¹
1112 1913 1255 2016 populns

212 2075 226 2104 ιι
256 2069 334 2116 vero
347 2059 392 2118 est
404 2049 501 2142 quasi
514 2048 632 2140 sapittu
651 2043 805 2142 quiedam
822 2043 994 2140 diripenda
1011 2042 1160 2142 influent
1173 2058 1204 2132 et
1220 2047 1255 2126 in
1275 2121 1278 2126 ,

213 2206 227 2235 ιι
260 2171 393 2250 bootem.
421 2209 436 2238 n
462 2171 614 2272 Regium
639 2171 752 2269 igitur
769 2174 1039 2275 principatum,
1059 2196 1100 2242 ex
1124 2171 1255 2268 AEgidii
1330 2188 1332 2194 '
1408 2173 1412 2180 '

207 2308 403 2398 sententia,
430 2327 504 2379 non
533 2301 629 2372 male
657 2298 912 2397 definiendum
936 2316 1041 2400 putu,
1068 2323 1256 2392 suminam
1347 2295 1349 2300 ⁸

136 2441 142 2456 ⁸
209 2455 332 2506 retum
362 2446 589 2530 potestatem,
620 2429 735 2530 ipsius
762 2433 828 2519 Dei
858 2429 1044 2513 voluntate
1067 2453 1254 2514 consecra-

208 2576 300 2651 tam¹
326 2573 452 2657 sponte
481 2583 546 2630 sua
572 2557 698 2635 omnia
726 2556 961 2656 dirigentem,
990 2581 1058 2630 nec
1090 2555 1181 2628 ullos
1213 2559 1253 2626 in

207 2704 346 2788 partem
364 2693 419 2760 sui
438 2688 531 2785 juris
551 2686 818 2778 admittentem,
840 2685 902 2758 sed
924 2688 962 2765 in
981 2711 1177 2758 commune
1196 2685 1253 2756 bo·

206 2844 298 2892 num
327 2815 583 2904 exercendam,
609 2830 644 2888 et
673 2817 851 2917 principis
881 2814 1074 2912 religione,
1106 2813 1253 2912 juribus

163 3005 165 3010 ,
188 2946 324 3052 ..regni
338 2948 475 3044 Deique
491 2961 526 3018 et
543 2944 704 3021 civilium
721 2948 860 3032 irarum
877 2937 976 3033 metu
999 2959 1252 3043 temperatam
1291 2925 1295 2932 ’

265 3087 368 3165 Hanc
400 3053 514 3178 igitur
542 3106 670 3176 regum
702 3057 936 3180 potestatem,¹
968 3094 1153 3176 utquam
1186 3105 1254 3178 op·

209 3217 294 3284 tiore
313 3228 536 3300 exercemur,
559 3207 752 3305 diligenter
779 3221 901 3296 curat3
933 3223 981 3296 et,
1005 3209 1093 3303 quia
1113 3205 1254 3292 facilius

209 3343 255 3414 ad
280 3341 439 3441 pejorem
460 3337 685 3411 auctoritatis
708 3364 813 3410 usum
836 3336 1018 3436 principes
1041 3335 1162 3426 delabi
1183 3362 1257 3435 pos-

210 3488 308 3558 sunt,
342 3469 422 3549 ideo
458 3471 571 3563 inagis
605 3483 706 3555 earet
737 3491 783 3546 ne
816 3462 983 3537 naturale
1016 3463 1181 3560 regimen
1216 3467 1256 3533 in

211 3600 406 3697 pessimam
436 3592 670 3694 tyrannidem
703 3606 944 3692 pervertetur.
974 3590 1082 3677 Multi
1106 3590 1192 3666 iude
1219 3595 1258 3673 in

209 3752 252 3803 eo
283 3723 432 3825 capituli
458 3722 504 3796 de
540 3747 667 3820 regum
702 3713 902 3810 ciliciis'et
932 3717 978 3792 de
1016 3737 1259 3819 tyrannorum

112 3903 115 3910 ·
212 3855 324 3943 vitiis,
346 3878 388 3924 ex
419 3849 611 3924 Aristotele
648 3865 684 3922 et
714 3854 793 3950 ipso
819 3850 1002 3946 Aquinate
1040 3847 1260 3953 plerumque
1305 3823 1310 3832 ¹

212 3980 326 4054 ducti.
435 4015 438 4021 ·
1243 3986 1247 3992 '

249 4254 279 4324 ii)
293 4255 347 4308 Lib.
360 4259 406 4322 111,
421 4271 476 4322 pars
487 4255 510 4322 Ξ,
526 4269 579 4320 rep.
591 4256 615 4302 8.
