3126 5058
637 483 825 550 ..27-

212 661 341 746 virtus,
351 681 433 755 quae
451 657 491 728 in
506 654 711 730 Christiana
723 655 898 752 religione
913 656 1105 730 Humilitas
1125 657 1253 760 appel-

212 781 318 854 latur.
346 786 450 855 Hanc
482 799 602 855 tamen
631 781 681 853 illi
713 783 902 853 conciliare
932 797 1045 856 tentat
1071 773 1251 883 AEgidius,

212 912 326 986 sancti
355 909 507 986 Thomae
542 912 698 1008 vestigiis
727 916 911 1001 insistens;
951 937 1020 984 nec
1056 914 1251 1012 indignum

212 1038 323 1109 relatu
338 1055 391 1110 est
409 1038 453 1110 ad
468 1063 670 1136 quamnam
687 1038 912 1112 Humilitatis
935 1044 1133 1137 imaginem
1154 1057 1253 1113 uter-

211 1191 283 1262 que
297 1174 500 1268 pervenerit
514 1195 521 1238 :
537 1167 688 1256 Scilicet,
704 1191 822 1265 quum
840 1168 953 1240 adres
968 1190 1127 1265 magnas,
1142 1167 1252 1242 simul

211 1311 247 1366 et
257 1295 432 1385 difficiles,
454 1296 581 1368 tendat
601 1299 894 1392 Magnanimitas‚
917 1319 995 1367 eam
1012 1297 1253 1394 Magnanimi-

211 1423 291 1494 tatis
317 1441 455 1522 partem
488 1445 563 1495 esse
586 1423 851 1512 Humilitatem,
868 1449 968 1521 quar,
996 1449 1079 1496 sana
1101 1449 1247 1496 suarum

212 1555 343 1620 virium
353 1553 584 1639 conscientia,
596 1575 671 1622 non
683 1556 776 1622 sinat
790 1577 854 1623 nos
869 1547 1072 1623 difficiliora
1086 1552 1248 1650 aggredi3
1309 1632 1312 1636 ,

210 1679 257 1750 ita
272 1685 387 1775 utqui
402 1701 485 1750 vere
501 1678 757 1776 magnanimus
772 1679 818 1752 sit
832 1679 929 1750 idem
941 1680 986 1751 sit
1000 1678 1170 1768 humilis,
1198 1697 1249 1768 et,

209 1809 550 1906 Magnanimitatem
567 1805 824 1897 describendo,
839 1809 1091 1881 Humilitatem
1103 1834 1251 1908 quoque

210 1935 438 2036 descripserit
454 1937 666 2025 Aristoteles.

259 2066 365 2134 Hane
401 2064 622 2136 Humilitatis
657 2063 917 2160 imaginem,e
954 2065 1100 2134 Summa
1138 2069 1250 2136 saneti

209 2190 239 2258 T
242 2185 361 2260 bomae
374 2214 575 2286 expressam
588 2190 651 2282 (1),
664 2193 692 2259 si
706 2187 752 2260 ad
766 2191 991 2259 Imitationem
1015 2186 1138 2260 Christi
1150 2215 1250 2261 com-

208 2317 369 2415 parabis,
385 2317 586 2389 notandam
606 2316 708 2389 valde
729 2316 1011 2416 discrepantiam
1026 2319 1251 2390 animadver-

208 2457 270 2514 tes.
291 2444 383 2532 Quae
402 2467 476 2515 nou
492 2443 717 2532 minorent,
735 2445 763 2514 si
778 2439 939 2514 eamdem
952 2443 1152 2540 imaginem
1165 2470 1248 2516 cum

207 2572 347 2642 Summa
361 2571 537 2643 Guilelmi
563 2570 704 2644 Peraldi
729 2571 890 2641 conferes
907 2571 969 2664 (2).

164 2852 169 2866 ,
255 2785 308 2854 De
322 2784 608 2872 Mansuetudine
621 2783 774 2880 (πρᾳότης)
789 2807 904 2881 pauca
919 2779 1093 2855 dicamus.

254 2915 322 2998 Ea,
350 2915 379 2981 si
391 2911 575 2981 Aristoteli
596 2911 770 2998 creditur,
800 2935 875 2981 nou
891 2916 1054 2982 remissio
1074 2925 1127 2982 est
1146 2913 1247 3011 inju-

204 3046 363 3125 riarum,
388 3055 430 3108 ut
452 3063 471 3108 e
496 3039 645 3110 nomine
668 3043 861 3109 existimari
887 3057 1026 3136 posset3
1053 3040 1114 3111 sed
1128 3042 1246 3113 media

204 3183 257 3238 est
267 3165 433 3264 quaedam
443 3170 494 3238 ira
507 3170 605 3238 inter
618 3165 770 3238 nimiam
785 3165 952 3238 vindictae
961 3165 1196 3266 cupiditatem
1210 3185 1246 3240 ct

203 3295 394 3368 mollitiem
431 3299 567 3384 animi,
605 3295 698 3366 mala
731 3294 835 3366 nobis
865 3295 962 3368 illata
990 3296 1242 3370 condonantis.

236 3515 266 3586 (l)
278 3519 377 3568 Sanetus
389 3515 503 3582 Thomas,
516 3517 540 3566 2⁸
553 3517 582 3566 i*
594 3557 601 3583 ‚
613 3523 696 3583 quest.
710 3517 758 3564 tet.

235 3626 268 3689 (Ξ)
286 3643 299 3670 a
313 3623 420 3675 subdere
437 3637 463 3674 ee
474 3623 543 3674 alieui
559 3623 689 3674 secundum
705 3621 882 3688 reputationem
893 3609 1041 3672 Hereditatis
1054 3628 1097 3671 ett.
1114 3625 1167 3671 Hoc
1179 3623 1244 3673 euim

201 3736 215 3760 a
235 3714 362 3784 proprium
379 3711 513 3762 Electrum
533 3714 669 3778 ceresola,
690 3720 716 3760 ut
727 3712 757 3760 ds
768 3727 794 3760 se
812 3711 916 3760 sentiant
935 3708 995 3758 inire
1008 3723 1079 3774 quem
1097 3710 1143 3760 tint
1155 3726 1162 3761 :
1175 3712 1243 3776 juxte

200 3823 213 3854 tt
234 3805 333 3854 terbum
347 3801 503 3866 Gregorii...
516 3805 578 3852 item
591 3817 665 3868 quum
674 3799 789 3866 Superbia
801 3799 831 3848 sit
840 3799 957 3867 appetitus
966 3798 1069 3864 propriae
1080 3800 1239 3862 excellentiae,

201 3915 215 3939 a
234 3891 362 3942 Humilitas
373 3899 408 3940 est
420 3899 571 3958 contemptus
582 3889 685 3956 propriae
703 3888 848 3938 excelientia
860 3901 867 3938 t
880 3887 946 3953 juxta
963 3885 1112 3937 Bernardum
1130 3885 1155 3937 iu
1169 3887 1240 3955 Epis·

199 4003 213 4028 e
232 3982 295 4033 telis.
312 3980 351 4031 Ad
363 3977 525 4029 Humilitatem
539 3979 642 4045 pertinet
651 3979 722 4027 etiam
734 3993 802 4026 amor
813 3975 974 4027 inferioritatis
986 3975 1024 4024 vel
1036 3975 1141 4040 vilitatis,
1153 3993 1241 4026 secun-

199 4091 213 4116 ι
231 4071 289 4120 dum
308 4067 369 4119 illud
386 4067 501 4119 Bernardi
519 4083 591 4133 super
604 4068 740 4124 mutuum,
755 4085 769 4110 ι
784 4081 864 4122 was,
886 4065 971 4133 inquit,
992 4061 1087 4112 leumilis
1110 4063 1166 4112 vult
1185 4063 1241 4114 vilis

198 4179 210 4204 e
232 4158 345 4221 reputari.
355 4179 367 4200 ι
503 4153 655 4223 (Guilelmus
667 4153 789 4217 Peraldue,
801 4157 900 4204 &nne
912 4153 1038 4213 virtutum,
1052 4152 1082 4200 de
1093 4152 1238 4220 obedientie,

567 4251 679 4294 tractatur
690 4243 798 4310 quintus,
813 4258 868 4310 pers
878 4245 926 4307 tet,
939 4257 994 4308 cap.
1006 4241 1042 4307 l.)
