3124 5056
599 505 790 568 ...79-

176 707 293 760 ruente
309 680 497 756 memoria.
513 683 558 752 Et
572 682 722 776 (mirum
736 680 771 775 l),
785 705 898 776 quam
911 696 1032 752 noster
1047 681 1083 751 in
1104 685 1223 780 primo

176 811 288 910 hujus
302 811 500 885 voluminis
515 810 622 897 libro,
638 836 755 907 qnutn
774 810 819 880 de
833 809 1030 882 virtutibus
1045 826 1221 909 ageretur,

176 947 258 1016 setis
286 940 377 1012 niele
406 939 658 1039 descripserat,
690 939 919 1012 clementium
953 943 992 1011 in
1024 938 1091 1021 huc
1122 957 1224 1039 perte

176 1068 296 1142 multo
317 1066 446 1140 melius
467 1067 682 1156 adumbrat,
706 1082 740 1138 et
765 1065 979 1140 firmissimis
999 1071 1224 1164 argumentis

175 1196 389 1289 confirmet·
400 1195 494 1269 nihil
506 1195 656 1294 quidem
673 1196 767 1268 ultre
781 1193 1007 1271 Aristotelem
1022 1196 1222 1295 proferens,

177 1329 238 1402 sed
257 1345 375 1400 toturn
390 1327 516 1401 saltem
531 1353 614 1400 eunt
632 1327 803 1399 referens.

228 1459 277 1527 Ex
302 1455 492 1527 Aristotele
521 1479 670 1552 quoque
697 1453 871 1551 pleraque
895 1478 978 1550 quer
1006 1452 1053 1523 de
1073 1451 1223 1549 'legibus

178 1583 330 1657 disserit.

193 1756 195 1761 ·
234 1747 248 1776 ι
266 1711 367 1811 Leqcs
382 1729 474 1802 sunt,
504 1711 630 1801 nteit,
655 1709 777 1809 require
785 1715 877 1810 juris
888 1733 1041 1812 perquer
1057 1717 1091 1782 in
1106 1717 1225 1784 nostris

184 1875 197 1904 ι
216 1812 395 1937 scibilibus
413 1837 620 1937 requirimur,
648 1839 865 1939 dijudicantes
886 1861 950 1937 per
963 1843 1047 1937 ilnus
1071 1838 1161 1938 quoti
1180 1851 1227 1909 ert

184 2002 198 2032 u
211 1973 343 2068 justum
357 1983 389 2039 et
399 1968 491 2068 qnod
501 1993 589 2056 nnn,
608 1971 642 2038 in
656 1972 776 2038 nostris
786 1963 970 2037 actionibus
984 1966 1047 2062 (t).
1071 2001 1085 2031 ιι
1322 1945 1326 1952 .

229 2099 325 2193 Ergo
344 2121 426 2192 quae
439 2093 593 2167 dicenda
612 2109 700 2168 tunt
712 2094 758 2166 de
772 2092 930 2192 legibus,
945 2093 1072 2180 sedern
1088 2092 1133 2164 tle
1143 2091 1227 2190 jure

179 2223 251 2298 dici
268 2240 443 2324 possunt,
457 2224 579 2296 etvice
595 2247 708 2296 versu.

231 2357 321 2424 Duae
336 2377 448 2452 porro
459 2369 545 2426 sunt
558 2352 669 2452 leges,
690 2367 731 2423 ut
743 2352 818 2450 jam
833 2351 991 2427 diximus
1006 2376 1013 2422 r

282 2485 352 2554 Lex
370 2479 560 2572 naturalis,

281 2615 352 2684 Lex
370 2612 532 2712 positiva.

237 2773 250 2802 ιι
271 2743 440 2812 Dicuntur
450 2746 539 2814 enim
546 2742 640 2837 justa
655 2737 855 2813 naturaliter
868 2763 942 2838 quoe
950 2737 1053 2809 dictat
1066 2761 1133 2808 csse
1145 2731 1227 2808 talia

186 2901 200 2932 ι
220 2875 305 2954 ratic
331 2869 510 2956 naturalis,
531 2868 584 2950 vel
609 2869 656 2940 nd
676 2893 752 2968 ques
773 2864 933 2948 habenttn
950 2866 1047 2938 talem
1070 2872 1228 2967 impetunt

186 3031 200 3062 ι
220 3015 277 3070 uni
299 2998 558 3070 inclinationem.
574 3031 587 3062 ιι

237 3159 250 3188 ιι
267 3129 365 3198 Justn
377 3151 457 3197 vero
466 3131 606 3226 positiva
619 3127 860 3226 dicunturque
875 3149 942 3196 non
953 3151 995 3195 ex
1014 3139 1136 3195 tratura
1154 3147 1226 3208 sua,

128 3235 133 3244 Ι
188 3289 201 3318 ιι
218 3256 276 3325 sed
293 3271 448 3354 expecto
464 3251 651 3344 hunricum,
671 3255 725 3327 vel
742 3283 784 3327 ex
803 3259 1016 3340 institutione,
1026 3251 1227 3351 jusiujndi·

188 3413 202 3445 ιι
223 3399 353 3466 cantur.
367 3417 381 3450 ι,

235 3511 322 3583 inde
337 3513 397 3608 jus
420 3512 584 3584 naturale
600 3539 741 3612 semper
759 3529 794 3584 et
813 3509 952 3607 ubique
967 3509 1064 3581 idem
1075 3525 1142 3599 est,
1174 3526 1228 3598 et,

183 3657 300 3728 quum
329 3646 461 3730 sponte
491 3659 554 3704 sun
583 3634 754 3704 omnium
784 3630 981 3703 intellectui
1015 3629 1229 3732 seloiierst‚

149 3843 157 3850 ὴ
184 3787 367 3859 nusquam
396 3762 466 3834 nisi
496 3768 529 3833 in
554 3759 707 3835 cordibus
734 3767 852 3832 nostris
872 3760 1094 3832 inscribitur.
1118 3757 1230 3834 Aliud

184 3911 304 3965 autern
321 3889 421 3992 apud
436 3892 523 3965 alios
536 3892 598 3990 jus
617 3897 812 3992 positivum
827 3907 897 3981 est;
924 3909 977 3980 et,
1007 3917 1125 3988 quum
1147 3915 1230 3961 non

185 4037 311 4122 sponte
333 4021 537 4095 intellectui
558 4025 786 4122 apparuerit,
802 4037 840 4094 et
859 4047 922 4124 per
945 4020 1163 4093 industrium
1186 4021 1231 4090 sit

221 4299 321 4372 (ritib.
334 4305 381 4371 ΙΙΙ,
395 4319 451 4372 part
463 4307 487 4369 Ξ,
500 4321 553 4374 rep.
567 4306 603 4356 ii.
