3124 5056
626 491 816 592 -sa-ss-

247 707 335 775 Fere
362 715 535 789 omnem,
563 719 603 772 ut
630 691 751 776 villere
777 703 857 790 fuit,
885 701 931 772 'de
956 701 1118 772 moribus
1141 690 1243 771 etde

199 831 345 903 familiae
379 830 691 908 administratione
729 832 944 926 doctrinam
972 859 1014 904 ex
1052 831 1243 902 Aristotele

201 959 332 1050 hausit,
354 965 480 1060 paucis
508 961 674 1060 exceptis,
702 988 852 1058 qnaeex
879 965 1060 1058 Aquinate
1075 959 1245 1058 sumpsit,

201 1086 400 1161 Aristotelis
438 1093 515 1188 ipso
550 1088 1133 1186 quoquefautore3Christianae
1169 1088 1247 1159 ideo
1302 1150 1304 1154 .
1387 1161 1392 1171 ,

203 1213 377 1286 doctrinae
399 1225 477 1286 'non
506 1218 589 1286 satis
613 1241 810 1288 memorem
841 1216 1038 1324 aliquando
1064 1241 1148 1286 eum
1181 1215 1246 1286 de·

207 1340 431 1440 prehendere
460 1346 550 1428 fuit,
585 1359 621 1416 et
653 1342 735 1440 jure
771 1349 893 1447 negari
931 1357 1048 1443 potest
1083 1342 1246 1414 moralem

203 1472 522 1568 AEconomicamque
556 1469 754 1542 Aristotelis
779 1469 1010 1570 disciplinam
1039 1470 1248 1543 Christiano

204 1592 346 1666 doctori
370 1578 559 1693 profuisse.

255 1720 372 1818 Major
394 1722 427 1793 ei
449 1721 527 1794 laus
546 1723 584 1792 in
606 1721 763 1794 Politice.
783 1722 898 1795 Multa
913 1723 1066 1820 quidem
1083 1721 1142 1795 hie
1161 1749 1252 1821 quo«

205 1876 280 1948 que
294 1877 345 1923 ex
367 1852 556 1924 Aristotele
578 1866 613 1922 ct
626 1855 809 1948 Aquinate
833 1849 972 1940 hausit;
988 1853 1050 1926 sed
1063 1857 1250 1953 propriam
1264 1862 1268 1876 '

98 2023 108 2034 κ
206 1995 343 2070 tamen,
364 2007 430 2052 nec
452 1980 664 2078 ingloriam,
687 1980 891 2052 doctrinam
919 1979 978 2052 hic
998 1981 1067 2053 sibi
1096 1986 1250 2082 paravit,

208 2135 276 2184 nec
291 2113 426 2208 pariter
439 2121 491 2181 est
504 2107 747 2210 reprobanda,
764 2091 790 2180 si
804 2133 877 2204 qua
897 2113 935 2182 in
952 2110 1136 2198 caluerit,
1154 2113 1253 2182 Aris·

207 2235 326 2310 totelis
342 2241 504 2310 imitato.
1163 2212 1165 2220 ’

259 2362 292 2434 si
310 2362 459 2460 quidem
477 2378 648 2437 tractatus
661 2370 715 2440 Dc
728 2370 876 2468 Utraque
892 2370 1057 2440 Potestate
1080 2347 1137 2438 illi
1151 2373 1254 2438 attii-1

209 2490 378 2564 buendus
394 2508 458 2582 est,
474 2493 581 2592 pauci
600 2493 705 2592 plura
723 2495 961 2568 contulerunt
976 2495 1022 2568 ad
1034 2486 1254 2568 constituen-

209 2619 296 2692 dam
319 2620 466 2720 plenam
495 2620 594 2693 illam
622 2649 763 2721 regum
777 2628 1004 2698 Francorum
1022 2638 1254 2723 potestatem,

209 2776 310 2847 cptae,
323 2751 401 2848 jam
419 2767 498 2824 tum
510 2767 650 2840 exorta,
672 2769 706 2823 et
727 2753 856 2826 indies
880 2755 993 2854 tnagis
1007 2753 1253 2840 efflorescens,

209 2905 352 2978 semper
382 2881 558 2968 excrevit,
587 2879 704 2950 donec
739 2873 785 2952 ad
814 2880 1020 2957 absolutam
1057 2883 1254 2954 auctorita·

211 3024 301 3098 tem,
320 3025 658 3108 sacrosanctumque
683 3011 906 3109 majestatem
924 3013 1099 3086 liudovici
1114 3014 1255 3084 Decimi

210 3142 341 3231 Quarti
365 3144 584 3240 perveniret,
607 3143 657 3212 Ut
676 3165 760 3212 vere
782 3141 996 3214 sacrosancti
1023 3167 1126 3239 reges
1146 3139 1257 3214 habe-

211 3284 350 3355 rentur,
365 3293 433 3338 nec
455 3269 474 3338 a
496 3292 687 3365 quoquam
703 3268 821 3340 esolio
834 3269 979 3340 detrudi
993 3269 1078 3367 jure
1093 3284 1254 3370 possent,

213 3417 360 3470 necesse
374 3411 466 3485 crat,
481 3422 597 3494 quum
616 3397 694 3493 ejus
716 3401 760 3479 sit
782 3396 877 3468 nolle
897 3397 1004 3494 cujus
1025 3414 1077 3469 est
1095 3397 1197 3484 velle,
1217 3411 1258 3466 ut
1359 3451 1361 3454 -

213 3525 313 3599 nulla
334 3527 374 3598 in
395 3518 526 3600 eorum
545 3531 684 3625 origine
708 3553 792 3625 pars
817 3526 1062 3600 sacerdotibus
1081 3525 1258 3598 attribue-

213 3669 325 3746 retur,
345 3670 532 3752 totamque
547 3670 758 3754 potestatem
774 3683 792 3726 a
811 3655 887 3726 solo
906 3659 983 3727 Deo
1002 3670 1123 3728 tenere
1143 3653 1259 3727 decla·
1354 3688 1357 3694 ·

213 3801 397 3872 rarenter,
414 3798 450 3855 et
472 3780 542 3855 hoc
555 3781 627 3853 fuit
640 3781 770 3878 AEgidii
787 3808 891 3882 opus,

263 3912 298 3986 Si
315 3927 435 3984 autem
456 3909 503 3982 ab
524 3907 595 3981 alio
613 3935 805 4006 quoquam
830 3909 922 3982 liber
945 3915 1009 3982 iste
1026 3912 1094 3983 tuit
1109 3936 1259 4011 compo·

213 4046 423 4127 situs„tum
445 4063 594 4136 quoque
619 4037 664 4108 de
691 4035 895 4110 Monarclno
925 4038 1016 4111 bene
1038 4045 1192 4110 meritus
1209 4055 1261 4110 est

214 4167 396 4266 AEgidius‚
423 4177 512 4238 nam‘
535 4192 613 4238 eam
641 4166 765 4239 saltem
799 4183 974 4266 tanquam
1005 4169 1179 4267 optimam
1209 4168 1261 4238 ci·

214 4284 333 4368 vitatis
359 4295 513 4368 formam
541 4309 664 4394 aperte
692 4301 837 4394 posuit,
864 4311 900 4368 et
936 4293 1142 4367 haereditate
1172 4319 1260 4368 con-
