3124 5056
633 533 682 548 ...
707 501 754 566 63
785 535 828 550 ..

208 685 343 771 partes,
360 671 480 770 aliqua
498 689 551 759 est
566 678 747 772 praecipua
771 698 864 772 pars,
878 672 981 770 cujus
998 671 1065 744 sub
1088 673 1255 746 dontinu-

207 815 286 870 turn
307 815 443 872 caeterae
462 798 706 892 rediguntur:
727 829 740 864 ι
766 799 821 870 Sic
841 803 874 872 in
900 794 1126 872 membrorum
1148 798 1255 870 meriti·
1320 849 1327 864 ,

212 903 228 988 ιι
250 927 362 998 tudine
394 953 501 999 unum
531 941 578 998 ast
606 927 699 1025 quod
718 931 832 996 omnia
862 939 982 1011 mouet,
1021 924 1141 1002 scilicet
1178 952 1253 1010 cor;

172 1066 176 1074 '
211 1063 299 1128 usic
322 1053 441 1154 apibus
472 1071 518 1128 est
541 1081 628 1128 unus
653 1079 732 1140 rex;
758 1071 793 1126 et
819 1061 854 1126 in
879 1069 945 1126 toto
979 1057 1140 1126 Universo
1169 1082 1254 1128 unus

213 1217 227 1273 ‘.‘
250 1187 343 1256 Deus
352 1185 465 1278 foetor
481 1190 634 1256 omnium
647 1200 679 1259 et
696 1195 813 1256 rector.

260 1313 298 1384 3⁰
322 1344 335 1374 ι
357 1312 447 1407 Quin
462 1309 524 1384 froc
537 1317 637 1384 etiam
658 1317 890 1412 experimentis
903 1327 1065 1412 apparet:
1081 1339 1161 1387 nom
1177 1339 1254 1413 pro·

213 1474 226 1504 ιι
248 1446 377 1526 vincite,
396 1440 448 1514 nef
471 1445 626 1525 civitates,
645 1465 721 1539 quoe
737 1467 805 1512 non
833 1456 996 1538 requnnn.
1020 1437 1064 1512 ab
1087 1467 1169 1531 uno,
1194 1443 1255 1514 dis·

215 1573 453 1641 usentionibus
487 1566 664 1655 laborant,
700 1586 731 1640 et
753 1568 875 1669 absque
898 1596 980 1669 poce
999 1569 1188 1665 fluctuant,
1218 1587 1256 1642 ut

214 1729 228 1762 ιι
247 1700 399 1772 uidentur
417 1697 593 1797 adimpleri
606 1699 695 1798 quod
705 1700 877 1771 Dominus
889 1697 1160 1804 perpraedictum
1173 1725 1254 1782 con·

214 1861 229 1892 a
250 1833 412 1928 queritur,
430 1828 563 1900 dicem:
578 1829 731 1900 Pastores
746 1825 844 1900 multi
863 1825 1013 1898 dentoft'ti
1027 1843 1105 1900 sunt
1120 1833 1253 1903 vincum

217 1989 230 2018 ι
251 1981 372 2029 meam.
384 1957 419 2027 Ε
433 1961 601 2030 contrario
619 1980 698 2026 uero
711 1960 888 2053 montanica
908 1970 938 2026 et
949 1960 1094 2027 ciuitates
1107 1981 1182 2056 quea
1195 1953 1255 2030 sud

214 2116 229 2146 ιι
248 2110 315 2156 erno
339 2109 414 2182 reae
438 2100 608 2181 nequatur,
631 2109 713 2182 poco
732 2083 894 2178 qoudmt,
913 2087 1044 2178 justitio
1060 2083 1207 2181 florent,
1223 2099 1254 2156 et

214 2245 229 2278 ιι
252 2212 426 2312 affluentia
446 2239 558 2285 renem
576 2211 731 2284 faetontur
751 2212 814 2306 (ι),
834 2240 851 2276 ιι

261 2400 366 2470 Hanc
390 2401 604 2470 sententiam
621 2398 809 2500 amplexus
828 2399 1065 2497 estAEgidius,
1085 2426 1152 2471 nec
1170 2399 1253 2472 ullis

211 2527 288 2598 aliis
311 2527 536 2623 argumentis
566 2545 617 2600 cst
643 2532 767 2600 tuitus.
793 2531 998 2600 Contrarias
1022 2531 1135 2625 igitur
1155 2527 1255 2600 Aris·

210 2654 310 2726 toteli
346 2682 412 2728 suo
438 2672 555 2754 partes
581 2661 620 2726 in
653 2654 722 2727 hac
752 2661 987 2728 contentione
1018 2655 1255 2753 dijudicanda

212 2782 385 2872 defendit,
406 2783 451 2855 ad
478 2783 515 2854 id
539 2800 659 2856 tamen
683 2787 874 2874 connisus,
900 2800 941 2856 ut
967 2811 1077 2884 quarn
1103 2781 1255 2856 minime

212 2909 316 2982 abeo
339 2911 543 3010 discrepare
563 2909 754 2984 videretur.
775 2911 878 3002 Inde,
900 2929 938 2982 ut
958 2912 1011 2996 iis,
1026 2939 1109 3008 quae
1125 2929 1254 2984 contra

215 3045 327 3112 unius
354 3044 515 3138 regimen
541 3041 585 3112 ab
611 3041 799 3114 Aristotele
826 3043 982 3130 fuerant,
1005 3067 1079 3113 non
1104 3043 1256 3115 sineafi·

211 3196 282 3266 qua
321 3171 395 3242 veri
424 3171 556 3272 specie,
591 3171 748 3271 objecta,
784 3171 1024 3262 satisfaceret,
1055 3177 1131 3272 regi
1160 3198 1255 3272 prae-

213 3301 365 3400 scripsit,
391 3333 404 3363 ιι
425 3295 489 3372 sibi
503 3299 619 3373 multos
633 3307 794 3373 associare
808 3308 976 3404 sopientes,
993 3317 1027 3372 ut
1045 3281 1257 3374 dadeotmul·

214 3443 259 3498 tos
273 3427 396 3516 oculos,
413 3427 534 3501 multos
544 3431 641 3533 pedes
652 3446 683 3500 et
694 3429 813 3501 multas
831 3456 951 3522 enonas
961 3461 973 3516 ;
993 3465 1006 3493 ιι
1025 3445 1067 3499 ut
1087 3455 1255 3534 quoque,

213 3580 341 3624 eorum
360 3555 523 3645 consilio,
539 3583 605 3628 nec
626 3583 824 3630 commune
843 3555 984 3628 honum
1002 3555 1174 3646 oblivisci,
1191 3581 1256 3628 nec

213 3679 259 3752 ad
277 3682 493 3782 cupiditates
512 3681 665 3774 inflecti,
688 3683 788 3754 faciie
806 3689 928 3794 possit.
953 3655 964 3668 ¹

263 3877 593 3971 Quemadmodum
613 3895 738 3952 autern
764 3880 877 3952 unius
903 3880 1082 3979 regimen,
1106 3878 1257 3978 quando

215 4023 354 4082 rectum
371 4024 433 4097 est,
448 4024 502 4081 est
515 4012 698 4106 optimum
715 4013 897 4100 omnium,
912 4008 973 4099 ita,
994 4010 1023 4082 si
1045 4034 1258 4110 perversum

250 4291 282 4367 (1)
300 4298 400 4348 Sanctus
412 4293 527 4358 Thomas,
541 4299 579 4346 De
593 4295 706 4362 regimine
720 4295 873 4366 principum,
886 4295 929 4348 lib.
944 4302 972 4361 1,
986 4311 1041 4366 cap.
1056 4301 1080 4350 Ω.
