3124 5056
659 460 952 556 ..53...1

227 663 359 752 ductis,
380 657 535 738 omnino
559 653 697 765 rospoit
720 667 896 763 AEgidius,
916 649 1034 763 quurrr
1058 692 1096 736 eo
1123 665 1272 736 stabiliri

228 810 397 888 nequeat,
413 795 481 866 nisi
499 794 596 866 idern
614 821 757 894 semper
772 801 817 866 sit
830 795 1003 866 omnibus
1024 793 1162 866 civibus
1182 793 1275 864 libe-

229 945 358 992 rorum
375 947 565 1011 numerus,
580 939 620 994 ot
640 949 756 1020 quum
778 940 850 994 tam
869 925 1009 1020 exiguae
1028 947 1101 993 esse
1120 919 1274 992 debeant

228 1066 379 1146 aequatae
394 1055 562 1123 omniurn
580 1070 711 1149 partes,
728 1069 771 1124 ut
787 1068 981 1152 paupertas
997 1051 1084 1122 inde
1099 1050 1274 1120 omnibus

229 1177 276 1248 sit
293 1197 431 1250 orturo.

278 1310 352 1378 Nec
370 1303 581 1380 communes
604 1309 728 1406 igitur,
756 1333 821 1379 uec
840 1322 989 1404 aequatae
1012 1310 1082 1378 sint
1103 1309 1272 1376 omniurn

229 1433 364 1506 civium
377 1435 534 1507 fortunae
547 1463 553 1504 :
568 1434 672 1508 liceat
684 1441 820 1534 cuique
831 1461 896 1534 per
907 1433 1001 1532 leges
1015 1431 1151 1505 habere
1164 1457 1275 1528 quon·

1146 1536 1152 1560 0

229 1579 309 1635 tum
330 1561 398 1635 sibi
421 1588 633 1664 comparare
655 1591 728 1636 non
750 1563 938 1636 inhoneste
958 1567 1108 1663 poterit;
1127 1546 1274 1662 cupidi-¹

154 1685 158 1688 ’
230 1709 316 1763 tores
339 1708 460 1764 autern
484 1693 675 1764 refraenare
700 1693 752 1764 {ex
775 1691 1035 1791 aggrediatur:
1058 1688 1147 1762 hinc
1174 1693 1274 1762 enim

229 1821 349 1894 omnis
363 1821 449 1892 moli
469 1821 570 1911 fons;
592 1820 679 1895 hino
699 1847 815 1894 omne.
830 1821 924 1894 inter
944 1822 1041 1892 cives
1065 1819 1276 1906 dissidium3

230 1975 297 2024 nec
316 1947 466 2022 aliunde
483 1975 594 2047 quam
617 1979 659 2023 ex
682 1977 809 2023 earum
830 1954 1056 2022 correctione
1077 1943 1276 2046 quaerenda

227 2077 359 2175 jurgiis
379 2077 549 2150 remedia.

210 2319 213 2324 ’
263 2332 397 2400 'Pauca
417 2346 624 2426 sequuntur
644 2327 690 2401 de
713 2330 937 2428 Hippodonii
952 2325 1167 2428 'philosophi
1191 2329 1276 2398 doc·

233 2458 342 2549 trina,
359 2457 419 2532 sed
437 2485 519 2556 quae
533 2461 687 2532 minoris
703 2465 876 2532 momenti
897 2459 1000 2532 facile
1017 2459 1172 2557 judicari
1198 2482 1276 2554 pos-

231 2603 331 2678 sunt,
347 2603 383 2660 et
397 2613 479 2685 quae
494 2585 653 2685 neglecta
675 2581 749 2658 non
765 2584 1083 2689 desiderabunrur.

280 3245 463 3310 SECUNDA
495 3246 617 3309 PARS:
640 3249 694 3306 lle
721 3249 895 3322 regmine
917 3248 1092 3319 οΙνΙιιῑΙε,
1123 3247 1219 3322 pacis

670 3373 836 3440 temporo.

281 3605 332 3674 Ea
346 3626 432 3674 sane
448 3619 501 3676 est
514 3607 623 3674 totius
637 3599 750 3698 hujus
771 3600 964 3672 voluminis
980 3606 1164 3700 praeripuo
1180 3627 1273 3700 pars,
1293 3687 1296 3691 .

230 3757 303 3828 qua
315 3748 412 3801 certe
425 3729 525 3829 apud
539 3726 693 3826 aequales
705 3733 863 3800 maxime
875 3728 1047 3800 inclaruit
1057 3729 1230 3825 AEgidius‚
1241 3746 1275 3800 or
1340 3757 1343 3762 ·

231 3862 387 3930 maxima
419 3856 519 3955 apud
549 3871 712 3953 posteros
738 3857 950 3930 auctoritate
980 3856 1102 3927 valuit.
1131 3859 1176 3926 ln
1208 3855 1276 3927 hac
1311 3843 1313 3849 ’

230 3986 342 4084 igitur
355 4004 521 4059 nostrum
539 3992 753 4087 expositionis
767 3985 920 4058 modurn
936 3986 1064 4062 leviter
1079 3991 1275 4058 immutare

232 4115 337 4188 nobis
354 4116 468 4206 liceat,
484 4143 550 4189 nec
562 4117 640 4216 jam
658 4115 901 4217 capitulorum
920 4115 1085 4188 ordinem
1105 4116 1273 4215 pederen·
1376 4148 1379 4154 ¹

233 4243 297 4315 tim
316 4260 352 4316 et
368 4245 532 4343 religiose
548 4246 662 4343 sequi.
