3124 5056
742 466 935 532 ...50..

326 673 340 701 «
358 640 546 738 procedere,
567 664 648 738 opus
668 655 713 710 est
733 639 844 738 aliquo
866 641 1039 736 diripentc‚
1060 663 1122 736 per
1138 639 1230 737 quoti
1244 640 1363 724 directe

326 803 340 832 ιι
360 765 506 856 debitum
521 774 738 867 perveniatur
750 771 795 838 od
806 769 922 863 finem.
945 802 958 831 s

377 929 391 960 i
414 899 620 997 Unoqnoqne
643 898 677 968 id
694 897 786 996 qood
804 912 851 968 est
869 894 933 972 sibi
954 921 1143 992 conpertum
1157 897 1362 995 providente,

325 1058 339 1090 «
361 1025 537 1098 multitudo
569 1031 602 1096 in
633 1027 760 1110 diverso
787 1026 1039 1125 disperperctnr,
1063 1030 1125 1108 nisi
1154 1030 1255 1105 etiam
1284 1045 1362 1100 essct

326 1152 618 1253 1‹niiqnis,deeo
647 1155 738 1253 qnod
764 1139 810 1225 acl
834 1151 956 1225 bonum
982 1151 1202 1236 multitudinis
1224 1161 1365 1252 pertinet

326 1316 340 1346 ιι
360 1307 478 1362 cttrom
501 1277 635 1364 habens.
653 1316 667 1344 a»

369 1497 584 1585 Quaeramus
615 1519 702 1590 crgo
728 1510 763 1564 et
786 1497 868 1590 quis
890 1491 1016 1584 debeat
1041 1491 1202 1564 essentie
1226 1491 1363 1594 publici

320 1621 409 1692 boni
427 1639 583 1709 curator,
603 1638 637 1691 et
653 1621 842 1716 quomodo
861 1626 983 1692 civitas
1001 1621 1047 1691 ab
1067 1646 1109 1692 eo
1126 1620 1363 1717 gubernanda

320 1752 376 1819 sit.
399 1729 457 1832 At,
483 1773 601 1845 quum
629 1753 668 1819 in
693 1733 794 1820 nulla
817 1764 896 1820 arte
919 1765 983 1819 aut
1005 1749 1152 1820 scientia
1174 1745 1243 1818 sibi
1267 1755 1363 1845 quis-

320 1903 433 1975 quam
455 1875 626 1966 sufficiat,
653 1877 713 1952 scd
743 1877 1023 1976 praecedentium
1051 1876 1186 1952 auxilio
1207 1881 1363 1974 quisque

320 2025 433 2106 egent,
443 2009 545 2105 qussi
564 2012 655 2086 viam
668 2009 701 2080 ei
715 2012 1013 2095 monstrantium,
1028 2008 1128 2106 prius
1144 2005 1251 2090 nobis
1266 2032 1366 2102 qttae·

320 2137 479 2209 rendum
516 2141 583 2207 erit
611 2137 700 2232 quid
724 2136 770 2207 dc
793 2136 983 2207 civitatum
1012 2137 1191 2232 regimine
1219 2136 1364 2232 antiqui

321 2261 530 2363 philosophi
545 2268 736 2368 senserint,
756 2281 813 2352 nt,
832 2263 978 2360 cognito
994 2263 1085 2360 quid
1107 2268 1152 2334 sit
1171 2262 1363 2333 vitandum

320 2409 384 2462 aut
402 2391 636 2480 imitandum,
662 2407 797 2463 metam
817 2397 950 2462 certios
969 2393 1146 2488 attingere
1170 2395 1360 2490 possimus.

373 2575 462 2648 lndo
478 2593 551 2656 tres
563 2580 601 2648 in
620 2572 689 2646 hoc
704 2574 799 2646 libro
812 2591 930 2674 partos
945 2600 951 2643 :

373 2707 490 2787 Primo
512 2703 556 2780 tle
577 2703 731 2807 politicis
755 2720 916 2776 veterum
945 2701 1255 2806 philosophorum
1279 2729 1361 2781 sen-

321 2830 442 2901 tentiis
459 2861 468 2918 ;

371 2958 537 3042 Secunda
552 2957 598 3032 de
617 2963 796 3058 regimine
814 2961 977 3050 civitatis,
993 2965 1089 3062 pncis
1106 2977 1295 3061 tempore3

373 3091 491 3160 Tertio
508 3086 554 3158 de
571 3091 747 3186 regimine
764 3087 943 3184 ejusdem,
957 3087 1043 3165 belli
1061 3105 1236 3190 tempore.

344 3611 472 3674 PRIMA
491 3611 588 3674 PARS
606 3637 612 3673 :
628 3615 683 3683 lle
702 3615 854 3692 polltlcls
876 3619 1033 3674 veterum
1057 3615 1345 3699 phllosoplnorun

741 3733 942 3792 sententiis.

373 3923 515 3991 Horum
541 3926 700 4022 partium
719 3926 833 4022 primo
857 3927 906 3994 ita
932 3949 974 3994 ex
1003 3923 1194 3995 Aristotele
1219 3918 1363 4026 sumpta

321 4060 385 4138 est,
401 4061 442 4118 ut
462 4046 566 4119 facile
578 4046 740 4120 crederes
754 4047 940 4147 AEgidinm
954 4050 1071 4124 multo
1087 4052 1208 4123 minus
1227 4076 1306 4123 eam
1323 4055 1361 4123 in

356 4258 388 4322 (t)
407 4255 637 4324 stnctos'rhomas,
652 4262 689 4310 ne
702 4256 817 4326 regimine
830 4258 982 4329 principum,
995 4275 1049 4332 cop.
1059 4264 1083 4318 i.
