3124 5056
738 449 939 553 4762

235 633 237 637 Ι
365 655 399 728 Si
422 660 505 753 quis
522 655 612 754 'ergo
638 674 766 754 pentem
789 655 851 728 sibi
876 659 1087 728 commissam
1112 651 1216 724 debite
1236 647 1356 748 puber-

315 809 397 855 aure
415 784 516 872 uolet,
544 784 746 856 litterarum
775 783 941 856 studium
966 785 1001 852 iu
1032 807 1097 852 suo
1125 807 1235 874 regno
1263 781 1359 850 fove·

314 910 384 1000 bit,
423 937 489 983 nec
519 913 659 1008 aliquos
690 930 844 998 tantum,
875 911 935 982 sed
963 928 1083 981 tutum
1105 907 1285 1009 populum
1314 905 1357 978 ad

315 1063 374 1109 eas
404 1057 572 1126 arcesset3
611 1039 717 1112 benis
764 1039 927 1111 moribus
956 1028 1107 1126 favebit,
1141 1033 1358 1130 curabitque

316 1164 425 1236 simul
458 1183 498 1236 ut
524 1166 661 1238 subditi
694 1167 800 1239 bonis
830 1168 870 1238 iis
894 1165 1130 1238 exterioribus
1150 1161 1358 1254 abundent,

316 1317 398 1388 quae
424 1293 594 1366 ad·bene
616 1295 813 1368 vivendum
843 1293 1053 1390 adjuirteuta
1085 1308 1182 1395 sunt.

373 1455 386 1498 r
416 1425 525 1520 Requi
546 1423 669 1494 reditus
691 1429 794 1522 ipitur
816 1429 850 1494 iu
869 1423 971 1494 soiius
988 1428 1083 1520 rapui
1101 1419 1224 1492 beatem
1242 1446 1361 1519 expeu-

319 1567 342 1619 (ι’
365 1553 433 1640 det,
449 1579 552 1652 eperum
567 1571 684 1625 contra
698 1559 836 1654 tyranni
860 1551 1097 1638 meretricibus,
1114 1547 1358 1638 adulatoribus,

321 1714 336 1746 ιι
366 1699 397 1754 et
418 1683 490 1755 aliis
512 1691 658 1784 personis
680 1683 854 1760 inutilibus
879 1711 931 1756 eos
953 1685 1172 1784 prosteruunt.
1198 1717 1211 1747 u
1243 1685 1361 1754 Haere-

316 1805 442 1880 ditates
471 1811 606 1882 civium
632 1811 788 1882 maxima
817 1809 1004 1904 diligentia
1033 1808 1207 1902 tuebitur,
1238 1823 1278 1878 ut
1299 1835 1362 1912 pu·

316 1951 416 2008 trum
442 1936 598 2010 fortunis
626 1937 694 2009 filii
721 1954 818 2011 certe
843 1919 1043 2010 succedere
1069 1941 1216 2036 possint.
1247 1940 1361 2010 Bonos

315 2065 441 2136 omnes
463 2083 589 2136 contra
610 2067 792 2138 maiorum
813 2066 975 2163 injurias,
997 2063 1101 2136 nullu
1122 2071 1359 2164 personarunt

316 2177 494 2293 respectu,
517 2196 703 2290 aerpuaiiter
727 2213 902 2296 proteget,
930 2211 965 2265 et
992 2187 1197 2265 uniret-sam
1219 2209 1361 2292 gentem

316 2335 441 2391 contra
473 2326 546 2390 vitu
584 2319 745 2394 hostium
783 2323 969 2410 deiendet;
1008 2323 1091 2411 sed,
1119 2321 1231 2394 nialus
1260 2343 1361 2394 coer-

316 2448 445 2539 cend0,
471 2475 491 2520 a
515 2438 627 2520 riiinia
646 2455 834 2522 severitate
857 2449 1015 2540 cavebit3
1031 2467 1084 2542 et,
1098 2449 1257 2522 hostiurn
1282 2475 1364 2549 pro-

317 2576 457 2675 pulsor,
490 2605 589 2648 suam
614 2603 727 2650 rursus
755 2573 943 2652 aoatiaium
965 2605 1028 2679 per
1055 2583 1303 2678 usurpationem
1332 2591 1364 2647 et

318 2708 517 2802 injustitiam
538 2706 680 2778 dilatare
703 2707 908 2780 abstinebit.

282 2912 284 2916 .
366 2831 422 2901 Ad
446 2838 584 2904 monite
608 2839 813 2933 sapientum
831 2835 974 2923 docilis,
999 2835 1109 2908 teones
1133 2833 1226 2932 leges
1244 2831 1360 2904 obser-

316 2956 427 3048 vabit,
443 2959 632 3057 bonosque
648 2967 740 3035 cives
757 2962 950 3061 diligenter
968 2961 1275 3054 remunerabitur,
1295 2988 1371 3036 nec.

316 3086 409 3160 eires
424 3103 582 3179 tantum,
599 3090 658 3160 sed
676 3092 770 3188 ipsos
782 3116 930 3188 quoque
944 3105 1139 3177 extraneoS,
1158 3119 1172 3150 ιι
1192 3105 1228 3160 ut
1237 3105 1361 3188 puteu-

322 3245 336 3277 «
355 3215 413 3288 tur
433 3243 500 3288 aaa
520 3223 567 3288 sie
589 3215 745 3290 itoaoruti
765 3245 831 3291 esse
852 3247 873 3289 α
899 3219 1024 3292 ciuibus
1041 3225 1199 3320 propriis,
1222 3224 1249 3290 si
1277 3224 1362 3316 iuter

322 3377 335 3408 ιι
356 3351 441 3447 ipsos
453 3353 637 3420 existerem.
658 3385 672 3416 ι

366 3477 506 3548 Metam
519 3476 669 3573 quidem
684 3477 837 3550 subditis
850 3479 1013 3551 incutere
1024 3479 1229 3566 conabitur,
1244 3503 1361 3574 quum

314 3603 452 3700 absque
466 3622 565 3675 metu
580 3609 736 3677 coerceri
752 3607 908 3704 perversi
922 3623 1115 3704 nequeant,
1126 3606 1187 3679 sed
1199 3630 1363 3678 amorem

316 3732 433 3804 multo
448 3738 575 3832 magis,
587 3740 672 3832 quia
688 3733 803 3805 multo
818 3736 985 3807 meliores
997 3741 1062 3832 qui
1075 3761 1198 3808 amore
1213 3733 1362 3834 impulsi

315 3859 494 3933 obediunt
509 3889 619 3960 quam
634 3867 698 3960 qui
713 3879 813 3934 metu
824 3895 833 3953 ;
853 3885 886 3934 et
903 3872 986 3961 quia
1006 3865 1074 3936 sibi
1092 3870 1160 3964 ipsi
1179 3901 1191 3926 ιι
1212 3869 1363 3934 suarium
1457 3889 1461 3896 ’

321 4018 335 4049 ιι
355 3988 429 4058 inde
449 3985 534 4060 bona
556 3989 740 4089 [iterabitur
753 3993 816 4086 (t),
839 4025 853 4055 u
873 4019 990 4089 quum
1012 4000 1050 4064 in
1070 3998 1194 4064 autore
1208 4016 1360 4070 suorum

352 4269 384 4341 (t)
399 4274 458 4341 cap.
472 4277 508 4325 et.
