3126 5058
784 483 948 544 ..4-

346 658 592 748 Guilelmum,
623 672 755 730 sanctae
780 655 984 754 Theologiae
1019 655 1259 754 professorem
1293 657 1389 727 Oxo-

345 787 522 876 niensem,
548 787 695 886 juvenis
729 785 932 857 admodum
963 789 1179 884 susceperit,
1212 784 1316 856 editis
1343 783 1390 856 ad

343 914 444 995 hune
462 916 572 988 linem
595 920 749 1014 geminis
777 914 916 1004 libellis,
939 940 1100 1010 quorum
1119 913 1290 1004 alterum,
1307 917 1391 986 Diui

346 1048 481 1116 Thomae
497 1045 738 1141 defensoriam,
754 1070 811 1115 seu
832 1044 1078 1115 Correctorium
1096 1048 1313 1144 corruptorii,
1337 1043 1390 1114 al-

341 1192 485 1264 terum,
508 1171 745 1269 Defensorium
771 1173 841 1245 diui
864 1175 1119 1260 Banauenturae‚
1146 1177 1387 1272 nuncupavit.

343 1305 447 1376 Circa
473 1301 597 1374 eadem
625 1317 788 1399 tempora
816 1306 855 1371 in
880 1301 1050 1373 ordinem
1074 1301 1230 1372 fratrum
1253 1306 1390 1379 Eremi-

341 1444 463 1500 tarum
502 1435 615 1501 sancti
645 1429 841 1527 Augustini
865 1433 1046 1528 ingressus
1072 1443 1139 1518 est,
1156 1427 1263 1528 ‘apud
1297 1454 1390 1526 quos

340 1559 518 1657 egregiam
537 1564 699 1632 nominis
723 1559 858 1630 famam
870 1557 1034 1630 doctrina
1059 1584 1282 1656 morumque
1304 1585 1389 1656 gra-

339 1692 448 1760 vitate
472 1687 540 1759 sibi
564 1687 779 1760 conciliavit.
810 1686 899 1758 lude
925 1713 944 1757 a
975 1687 1082 1759 variis
1112 1686 1304 1759 academiis
1334 1687 1390 1757 di·

341 1824 524 1914 versisque
551 1817 779 1917 principibus
802 1820 997 1917 expetitus,
1022 1821 1204 1889 Lutetiam
1230 1843 1267 1890 se
1297 1842 1390 1888 con-

340 1945 436 2036 tulit,
468 1947 506 2016 in
532 1973 686 2058 quama
722 1943 894 2044 Philippo
916 1944 1064 2018 Audace
1097 1944 1143 2019 ad
1174 1926 1388 2046 Philippum

341 2073 471 2162 filium,
485 2073 704 2170 cognomine
718 2071 934 2163 Pulchrum,
948 2074 1054 2146 bonis
1072 2075 1201 2146 litteris
1216 2100 1256 2146 ac
1274 2073 1390 2146 mori-

340 2201 408 2272 bus
426 2199 684 2288 imbuendum,
697 2200 926 2273 evocabatur.
948 2201 1004 2273 lbi
1016 2201 1166 2272 alumno
1183 2209 1387 2300 pergratus,

339 2329 478 2400 librum
494 2329 539 2400 de
553 2332 760 2402 institutione
777 2335 983 2429 principum,
1003 2335 1075 2403 sive
1090 2334 1145 2402 De
1163 2336 1322 2428 regimine
1336 2357 1391 2401 re·

340 2485 432 2554 pum,
465 2463 542 2557 ipso
573 2462 793 2556 requirente,
819 2462 1036 2556 composuit.
1061 2459 1165 2578 Inde,
1192 2476 1272 2558 post
1299 2456 1383 2532 Phi-

341 2585 431 2684 lippi
447 2585 603 2658 Audaois
631 2604 805 2674 mortem,
829 2613 849 2658 a
870 2584 1042 2686 Philippo
1065 2583 1224 2658 Pulchro
1253 2583 1388 2657 electus

342 2714 420 2800 fuit,
444 2719 508 2809 qui
532 2715 653 2812 ipsum
669 2741 687 2784 a
713 2713 950 2784 Remensibus
971 2720 1078 2786 sacris
1105 2739 1320 2810 regressum,
1346 2741 1387 2784 ex

340 2842 449 2911 veteri
478 2841 688 2914 Parisiensis
714 2841 905 2914 Facultatis
936 2867 1050 2934 more,
1070 2842 1279 2920 solemniter
1301 2841 1385 2914 allo-

341 2985 528 3066 queretur.
1330 3065 1332 3070 Α

392 3097 595 3169 [laetorales
619 3097 752 3169 infulas
780 3103 819 3169 in
848 3099 1032 3170 Facultate
1052 3100 1255 3186 parisiensi,
1272 3102 1390 3195 Aqui-

343 3225 435 3297 natis
452 3225 627 3324 exemplo,
640 3231 868 3316 consecutus,
886 3232 1025 3327 primus
1043 3232 1100 3298 sui
1116 3228 1254 3300 ordinis
1270 3231 1309 3300 in
1321 3224 1389 3298 baa

343 3354 523 3425 Facultate
539 3353 729 3444 disseruit,
747 3381 963 3453 summaque
986 3356 1194 3438 auditorum
1212 3354 1389 3450 frequen·

343 3485 404 3573 tia,
419 3482 466 3554 dc
482 3481 577 3554 libro
594 3488 841 3576 Sententiarum
860 3483 1138 3555 commentarios
1157 3487 1335 3580 exposuit.

395 3611 501 3682 Unde
528 3615 680 3684 Doctoris
701 3614 936 3684 Fundatissimi
956 3636 1112 3702 nomen,
1133 3610 1181 3682 ob
1196 3615 1334 3682 mirum
1349 3615 1388 3681 iu

344 3737 503 3807 eruenda
533 3739 679 3808 veritate
708 3739 909 3834 ingenium,
938 3754 1121 3812 assecutus
1149 3753 1210 3810 est.
1238 3738 1339 3826 Quin
1354 3753 1390 3807 et

340 3863 418 3963 jam
437 3891 537 3936 anno
560 3886 794 3958 Mccexxxvrl,
811 3872 850 3938 in
873 3869 1029 3940 comitiis
1054 3865 1283 3965 generalibus
1305 3865 1389 3936 Flo-

343 3997 469 4065 rentiae
491 3997 725 4090 congregatis,
749 3994 913 4066 Eremitae
939 3999 1199 4092 Augustiniani
1222 3994 1389 4068 decreve-

343 4137 451 4210 runt,
478 4125 612 4192 Fratris
635 4119 766 4218 AEgidii
793 4121 1000 4192 doctrinam
1025 4124 1118 4222 (quie
1141 4125 1320 4209 mundum,
1348 4139 1389 4192 ut

342 4250 508 4348 ipsorum
536 4249 653 4322 verbis
683 4265 775 4338 utar,
807 4253 999 4320 traiuersum
1018 4248 1219 4343 illustrabat)
1242 4251 1286 4322 ab
1307 4275 1387 4321 om-
