3126 5058
654 547 703 560 ...
727 511 775 578 25
800 547 847 560 -

279 688 322 758 ln
344 689 629 758 commutatione
653 699 773 758 autem
799 709 922 758 rerum
945 687 1094 783 aequitas
1115 699 1166 760 est
1188 713 1271 761 vere
1358 718 1360 721 ·

230 811 423 909 {equalitas
437 817 484 884 ita
499 827 541 884 ut
556 839 610 884 res
622 817 718 884 inter
733 837 770 884 se
785 828 951 885 accurate
968 833 1271 913 compensentur;

229 940 292 1012 sed
311 940 351 1012 in
367 938 626 1011 distributione
639 939 822 1012 bonorum
844 940 1069 1013 malorumve
1089 940 1135 1012 ad
1156 940 1273 1038 digni·

230 1081 340 1138 tatem
355 1080 390 1139 et
405 1068 451 1138 ud
469 1073 593 1142 merita
608 1067 786 1165 cujusque
802 1067 932 1168 respici
946 1067 1065 1158 debet,
1078 1074 1127 1140 ita
1144 1083 1273 1141 utnon

231 1199 382 1296 aequalia
400 1196 586 1287 omnihus,
604 1198 667 1270 sed
684 1197 897 1271 melioribus
912 1198 1073 1288 meliora,
1090 1199 1273 1300 pejoribus

231 1325 353 1424 pejora
368 1324 584 1397 reddantur.

282 1564 430 1662 Absque
457 1563 623 1652 iustitio,
644 1563 744 1636 nulla
771 1557 893 1635 eivites
923 1568 1118 1636 consistere
1148 1579 1274 1662 potest.

233 1695 336 1764 Hane
348 1691 460 1789 igitur
471 1691 638 1764 observet
647 1717 721 1780 rex,
733 1691 793 1763 eui
804 1692 992 1764 commissa
1007 1692 1156 1764 civitatis
1167 1692 1274 1765 salus.

239 1853 253 1884 u
269 1823 387 1916 Reqesj
403 1824 462 1919 qui
476 1823 589 1918 injusti
605 1836 692 1905 sunt,
708 1845 776 1891 non
791 1821 883 1918 dipni
895 1835 969 1891 sunt
982 1824 1041 1920 qui
1055 1826 1117 1890 sint
1135 1846 1237 1918 repes.
1256 1853 1271 1886 n
1377 1855 1380 1859 .

283 1947 391 2020 Nulla
404 1946 451 2018 de
464 1949 507 2018 iis
517 1945 688 2019 omnibus
700 1952 796 2018 inter
807 1945 1037 2020 Aristotelem
1047 1964 1083 2020 et
1093 1949 1277 2046 AEgidium
1328 1921 1333 1930 .

234 2077 490 2177 discrepantia3
510 2077 583 2165 sed,
601 2092 641 2148 ut
656 2077 762 2175 plene
778 2075 1000 2174 intelligatur
1013 2102 1096 2172 quae
1113 2077 1158 2148 sit
1176 2079 1277 2176 apud

233 2203 314 2276 illos
336 2199 542 2274 distributiva
565 2207 725 2294 lustitia,
741 2203 982 2294 homines-ut
1006 2207 1153 2300 utrique
1177 2204 1279 2277 vide·
1377 2197 1379 2204 ¹

235 2345 307 2418 tur,
329 2336 423 2404 nasci
445 2329 641 2427 inaequales
661 2331 868 2402 notandum
886 2345 951 2420 est,
969 2336 1017 2403 ita
1037 2353 1091 2424 ut,
1113 2357 1190 2405 non
1209 2357 1278 2433 pro

235 2462 373 2530 meritis
388 2458 577 2556 cujusque,
588 2457 651 2530 sed
664 2484 732 2558 pro
744 2459 988 2564 inaequalitate
998 2461 1168 2550 naturali,
1181 2460 1278 2533 hona

235 2591 409 2660 exteriora
431 2587 606 2659 intereos
627 2585 799 2659 distribui
820 2585 992 2675 debeant;
1012 2587 1111 2683 quod
1130 2587 1279 2660 uberius

190 2747 194 2767 ι
236 2737 320 2786 mox
338 2713 542 2788 disseretur.

287 2840 554 2938 Magnificentia
570 2843 843 2936 (μεγαλοπρέπεια)
861 2846 900 2912 in
915 2845 1055 2936 magnis
1071 2839 1280 2940 sumptibus

239 2981 387 3066 apparet
396 2997 405 3055 ;
437 2993 570 3064 magna
593 2983 628 3037 et
649 2964 804 3066 pulebra
829 2966 930 3054 facit,
963 2991 1040 3037 non
1065 2967 1105 3036 in
1134 2967 1281 3063 quibus·

240 3107 389 3192 cunque
405 3093 576 3193 operibus
595 3093 762 3190 (stultum
776 3093 874 3166 enirn
889 3092 1007 3188 foret),
1018 3091 1078 3166 sed
1089 3093 1127 3164 in
1142 3092 1280 3189 quibus

241 3223 354 3310 decet,
369 3248 486 3320 quum
500 3221 537 3292 id
550 3221 675 3293 decere
688 3226 779 3292 ratio
795 3236 892 3293 recta
902 3221 1054 3319 judicat.
1069 3221 1213 3294 Medius
1228 3237 1281 3294 est

240 3349 455 3449 magnificus
482 3354 538 3422 vir
559 3355 655 3422 inter
686 3375 770 3421 eum
797 3354 863 3447 qui
889 3355 1032 3421 minora
1059 3349 1144 3422 facit
1167 3372 1280 3448 quom

220 3461 221 3466 ἵ
239 3481 353 3570 decet,
380 3506 499 3576 quum
513 3505 645 3576 magna
657 3471 787 3577 possit,
806 3495 841 3548 et
853 3503 937 3549 euru
950 3485 1013 3574 qui
1025 3478 1188 3551 fortunas
1198 3505 1280 3550 suas

239 3611 342 3677 vanis
354 3621 390 3677 et
401 3605 564 3676 ridiculis
578 3604 742 3703 expensis
753 3607 948 3676 consumit.
1245 3697 1249 3710 .

290 3735 377 3828 Regi
396 3756 471 3832 prae
487 3729 622 3802 divitiis
639 3728 909 3828 Magnificentia
925 3730 1133 3828 plusquam
1151 3731 1281 3804 subdi-

239 3876 362 3932 torum
385 3862 497 3930 cuivis
516 3861 695 3931 convenit.
720 3856 958 3956 Magnificum
981 3874 1105 3932 autem
1127 3867 1282 3934 maxime

240 4013 314 4058 esse
329 3985 430 4058 decet
447 3985 486 4056 in
500 3985 543 4056 iis
557 4009 641 4082 quae
659 3985 704 4056 od
719 3984 887 4058 divinum
902 3985 1113 4060 cultumaut
1126 3987 1172 4060 ad
1185 4015 1283 4061 com-

242 4139 392 4186 munem
407 4114 602 4186 utilitatem
620 4129 802 4213 spectant,
827 4118 1014 4186 autetiam
1033 4115 1080 4186 ad
1099 4116 1281 4212 singulos,

242 4251 270 4317 si
285 4247 366 4342 quis
382 4244 498 4316 multo
520 4241 662 4316 bonore
675 4243 810 4342 dignus
823 4260 896 4334 est;
915 4245 968 4318 vel
983 4245 1028 4316 ad
1043 4271 1080 4316 se
1094 4250 1237 4344 ipsum,
1253 4249 1282 4317 si
