3126 5058
750 415 948 526 Lit-

382 674 396 702 ιι
418 641 458 712 ln
473 636 636 712 secundo
648 663 729 721 vero
740 636 1030 710 manifestabitur
1042 631 1228 733 quomodo
1243 634 1371 711 debeat

331 800 345 831 ιι
366 792 473 842 suum
485 766 662 860 familiam
679 765 884 862 gubernare
892 795 901 852 ;
1055 859 1059 866 ,

380 925 394 957 ιι
418 899 460 968 lu
476 901 581 967 tertio
603 909 727 968 autem
747 891 991 992 declarabitur
1012 892 1197 989 quomodo
1220 918 1371 992 praeesse

330 1056 345 1088 ιι
367 1023 500 1122 debeat
520 1028 653 1096 civitati
672 1039 707 1094 et
729 1048 851 1118 regno.
912 1098 926 1120 ,χ

321 1245 324 1252 Ι
380 1184 394 1214 ιι
413 1155 474 1224 Est
487 1177 574 1249 ergo
592 1148 653 1224 hic
674 1149 765 1224 ordo
785 1131 1016 1222 rati'onuliset
1036 1149 1221 1222 naturalis.
1247 1151 1369 1220 Ratio-

307 1316 343 1348 ·ιι
364 1283 456 1355 natis
477 1282 648 1382 quidem,
673 1286 849 1378 quoniam
871 1307 911 1352 ea
934 1306 1016 1377 quae
1040 1280 1188 1354 suntad
1213 1281 1366 1352 alterum

330 1444 344 1476 ι
366 1426 520 1486 sumunt
534 1413 713 1508 originem¹
731 1417 774 1481 ex
789 1406 845 1480 his
864 1435 945 1508 quae
960 1425 1046 1482 sunt
1061 1409 1105 1481 ad
1129 1434 1194 1482 nos
1216 1413 1364 1508 ipsust..

328 1575 343 1606 ιι
364 1548 429 1640 qui
447 1561 535 1638 ergo
554 1541 757 1612 industrius
776 1566 851 1612 esse
875 1538 950 1612 vuit
964 1555 1006 1634 ut
1025 1538 1113 1612 alios
1133 1538 1368 1637 regat‚debet

329 1702 344 1734 ιι
366 1669 569 1743 industrius
580 1695 654 1742 esse
670 1685 711 1742 ut
725 1672 885 1768 seipsum
901 1668 1136 1765 gubernet...

378 1832 392 1860 ιι
412 1802 472 1869 Est
485 1815 606 1868 autern
623 1795 682 1868 hic
694 1797 785 1868 ordo
800 1796 994 1868 naturalis:
1010 1810 1138 1868 natura
1157 1799 1256 1866 enim
1274 1819 1368 1868 sem-

263 2021 266 2028 *
327 1961 341 1994 ιι
363 1952 427 2028 per
439 1953 481 2000 ex
500 1927 712 2028 imperfecto
729 1927 772 1998 ad
789 1928 988 2025 perfectum
1000 1925 1180 2026 procedit,
1208 1942 1250 1998 ut
1264 1926 1368 2024 prius

327 2087 341 2116 ιι
358 2071 410 2127 est
421 2057 504 2151 quis
518 2056 750 2154 imperfectus
767 2075 802 2127 et
815 2080 918 2153 puer,
932 2083 953 2151 q
961 2082 1043 2126 uam
1062 2055 1240 2154 perfectus
1252 2071 1287 2124 et
1299 2057 1365 2124 vir.

379 2215 393 2248 ιι
413 2187 543 2275 Quum
556 2209 641 2280 ergo
662 2209 737 2256 nou
763 2188 974 2280 requiratur
999 2199 1098 2254 tantu
1116 2181 1301 2254 industria
1323 2181 1368 2252 ud

327 2343 342 2374 ι
361 2310 564 2409 regendum
586 2338 622 2384 se
640 2317 756 2411 ipsum
770 2331 906 2408 quuntu
921 2315 1123 2408 requiritur
1136 2314 1172 2385 iu
1186 2308 1367 2406 guberna·

327 2470 341 2500 ιι
356 2443 463 2538 ‘tione
484 2439 647 2527 familiae,
670 2465 736 2512 nec
757 2441 966 2538 requiratur
989 2454 1088 2510 tantu
1107 2435 1301 2536 prudentia
1327 2442 1368 2508 in

328 2600 342 2628 ιι
364 2569 539 2665 regimine
552 2568 696 2642 fuuriliae
718 2562 855 2666 quauta
875 2569 914 2639 in
934 2566 1198 2665 gubernatione
1213 2565 1367 2638 civitatis

327 2728 341 2757 ιι
363 2713 398 2768 et
413 2696 670 2793 regni,ordiue
690 2697 847 2769 naturali
866 2697 968 2769 decet
985 2699 1119 2794 regiam
1144 2696 1367 2796 majestatum

327 2857 341 2885 ιι
359 2828 473 2922 primo
483 2828 573 2895 scire
589 2849 624 2894 se
639 2825 754 2922 ipsam
772 2851 913 2922 regerr13
927 2825 1082 2910 secundo,
1096 2830 1187 2895 scire
1202 2849 1303 2895 suam
1315 2823 1369 2893 fa-

327 2985 341 3016 ι
365 2949 502 3023 miliani
523 2951 746 3050 gube1·nare;
768 2959 873 3040 tertio,
897 2954 988 3026 scire
1009 2978 1129 3050 regere
1153 2979 1311 3050 regnum
1333 2971 1368 3025 et

326 3110 341 3141 ιι
362 3084 554 3151 civitatem.
574 3116 588 3146 ιι

372 3207 516 3278 Primus
529 3223 651 3280 auteur
662 3207 765 3297 liber,
779 3214 819 3280 in
832 3235 907 3316 quo
917 3215 1038 3308 agitur
1048 3209 1093 3282 de
1106 3213 1285 3307 regimine
1297 3213 1366 3300 sui,

319 3339 359 3405 in
375 3351 535 3432 quatuor
548 3352 663 3435 partes
677 3337 753 3436 ipse
766 3337 963 3410 dividetur.
980 3341 1145 3408 Primum
1161 3337 1257 3408 enirn
1272 3331 1368 3435 diju-

321 3463 521 3537 dicandum
544 3483 596 3540 est
621 3468 666 3539 ad
687 3494 796 3564 quem
823 3467 936 3540 finem
967 3494 1026 3539 rex
1051 3467 1200 3540 tendere
1222 3465 1366 3559 debeat,

318 3611 354 3665 ut
371 3593 659 3701 dehinonquibu's
679 3598 745 3669 viis
759 3595 805 3669 ad
824 3593 926 3669 hunc
943 3601 1134 3696 pervenire
1150 3597 1270 3694 possit.
1383 3619 1412 3648 ·
1454 3679 1457 3686 Δ

371 3725 413 3794 Iri
430 3729 546 3822 prima
565 3727 788 3824 parte'igitur
803 3724 916 3823 hujus
930 3725 1013 3797 ttbu·
1028 3722 1239 3798 ostendetur
1252 3747 1365 3820 quem

321 3847 434 3922 finem
451 3849 520 3922 sibi
537 3851 668 3924 debeat
685 3875 903 3952 proponere;

369 3981 412 4050 In
429 3982 599 4072 secunda,
613 4008 706 4079 quas
723 3985 875 4056 virtutes
892 3980 1042 4067 habere3

370 4112 411 4180 ln
429 4110 545 4201 tertia,
560 4138 651 4210 quus
663 4119 831 4212 passiones
845 4111 966 4209 sequi;

368 4236 410 4308 In
427 4251 566 4338 quarta,
582 4264 675 4340 quos
693 4265 811 4314 mores
827 4241 973 4312 imitari.
