3126 5058
712 449 901 516 ..20-

292 648 295 652 ·
337 628 498 696 Virtutes
523 621 768 709 intellectuales,
795 629 833 694 in
861 620 1046 694 intellectu
1077 627 1218 720 positae,
1243 649 1333 720 qua-

287 775 373 821 rum
389 751 584 854 prudentia
598 766 634 823 et
649 751 844 850 sapientia,
861 766 927 822 etc.

336 882 498 952 Virtutes
520 878 662 950 morales
682 883 721 950 in
737 883 919 978 appetitu,
947 903 1109 975 quarum
1131 895 1335 976 temperan-

287 1009 347 1092 tia,
363 1004 570 1096 liberalitas,
591 1019 658 1076 ete.

336 1129 579 1228 intellectuales
606 1133 690 1232 ipsae
716 1137 755 1206 in
772 1130 988 1231 speculativas
1004 1147 1039 1204 et
1060 1138 1223 1233 practicus
1242 1132 1334 1205 divi-

206 1351 208 1353 ·
287 1257 443 1348 duntur,
460 1276 574 1359 prout
598 1258 800 1334 intellectus
823 1260 1121 1360 contemplationi
1136 1276 1200 1332 aut
1213 1259 1334 1360 operi-

287 1385 358 1459 bus
382 1402 495 1460 vacat.

336 1515 435 1585 Inter
448 1514 589 1586 morales
617 1530 741 1586 autem
756 1514 858 1587 nulla
872 1541 998 1587 rursus
1014 1515 1157 1588 divisio.

338 1643 406 1714 Sed
429 1667 507 1714 non
535 1641 671 1715 sufficit
695 1641 772 1716 haee
794 1643 937 1742 AEgidio
964 1643 1179 1716 facultatum
1201 1658 1236 1714 et
1260 1645 1336 1715 vir-

289 1785 415 1841 tutum
432 1769 654 1842 distributio.

339 1897 482 1996 Duplex
502 1903 615 1990 enirn,
636 1899 666 1971 si
691 1898 744 1970 illi
770 1896 948 1989 ereditur,
975 1913 1027 1970 est
1047 1902 1124 1998 ipse
1141 1897 1335 1996 appetitus,

291 2030 461 2096 sensitivus
485 2025 620 2098 seilicet
643 2043 677 2098 et
702 2025 933 2115 intellectione,
950 2041 1062 2126 prout
1083 2025 1128 2096 ad
1151 2051 1205 2097 res
1221 2024 1337 2096 fertur

291 2179 334 2224 cx
350 2178 455 2225 sensu
473 2169 537 2226 aut
553 2153 739 2227 intellectu
754 2159 927 2251 cognitas.
1280 2253 1284 2258 Ι

340 2285 533 2354 Sensitivus
562 2309 688 2355 rursus
713 2289 753 2354 iu
776 2281 1064 2384 concupiscibilem
1085 2298 1119 2355 et
1140 2278 1337 2354 irascibilem
1449 2377 1452 2380 -

294 2409 533 2506 distinguitur
546 2411 597 2505 (r)
610 2438 617 2481 :

345 2536 615 2638 Concupiseibilis
651 2545 838 2612 enim-res
871 2539 1009 2640 appetit
1039 2559 1101 2610 aut
1131 2555 1337 2626 aversatur,

294 2683 406 2766 prout
431 2667 536 2739 bonae
572 2684 635 2738 aut
666 2668 767 2739 malae
806 2683 907 2757 sunt,
934 2667 1111 2765 jucundae
1143 2683 1206 2738 aut
1237 2665 1338 2764 iuju-

294 2793 444 2881 cundae3
473 2790 644 2865 irascibilis
669 2811 810 2883 autem,
834 2811 947 2892 prout
980 2795 1159 2891 acquisitu
1186 2811 1249 2865 aut
1282 2816 1340 2864 re-

283 2999 285 3004 ,
295 2920 403 3019 pulsu
423 2919 589 2994 difficiles
607 2939 706 2994 sunt.

346 3068 454 3140 Unde
470 3085 523 3141 tot
538 3094 668 3166 genera
682 3073 875 3140 virtutum.

347 3218 508 3286 Virtutes
528 3213 751 3314 speculatiuae,
773 3239 833 3286 seu
857 3218 896 3285 in
921 3213 1107 3287 intellectu
1132 3212 1341 3316 speculativo,

298 3369 458 3441 quarum
488 3342 725 3444 Philosophia
751 3343 943 3434 naturalis,
970 3345 1194 3435 Geometria,
1225 3349 1343 3416 Meta·

298 3467 460 3569 physica,
488 3469 534 3544 de
557 3471 694 3570 quibus
714 3497 790 3544 non
814 3487 941 3570 agetur
964 3476 1004 3544 in
1032 3470 1103 3545 hoc
1123 3498 1245 3572 opere,
1267 3497 1343 3544 non

299 3619 341 3673 ut
356 3603 524 3692 sciamus
542 3601 603 3675 sed
618 3602 763 3674 utboni
780 3602 924 3694 fiamus,
938 3619 1125 3703 suscepto;

363 3733 523 3802 Virtutes
546 3729 703 3820 morales,
724 3757 788 3804 seu
813 3736 852 3802 in
876 3731 1059 3804 intellectu
1081 3738 1231 3832 practico
1251 3748 1286 3802 et
1304 3735 1345 3800 in

300 3859 483 3956 appetitu3
513 3883 595 3956 quac
624 3863 730 3958 ipsae,
759 3857 799 3930 in
824 3857 1032 3933 Cardinales
1058 3875 1094 3932 et
1118 3866 1157 3934 in
1179 3863 1366 3932 Annexes'

339 4212 370 4284 (t)
389 4219 445 4266 Huc
458 4215 543 4268 divisio
552 4217 602 4282 jam
612 4216 636 4266 iu
647 4221 720 4270 Beato
729 4217 823 4269 'l'houta
838 4217 968 4273 invenitur.
987 4219 1027 4287 (1¹
1038 4222 1077 4284 μ,
1089 4238 1113 4287 q.
1125 4223 1166 4284 8l,
1180 4229 1225 4272 art.
1240 4217 1274 4287 Ξ.)
