3124 5056
619 523 749 587 ·-ar
777 557 825 568 -

206 701 332 794 cipum
345 695 673 766 remunerationem
692 691 878 766 haereditas
891 693 1186 783 constitueretur3
1203 710 1250 784 et,

206 829 494 922 quotiescunque
513 851 573 897 rex
590 825 720 924 aliquis
736 843 906 897 mortuus
920 834 1023 914 esset,
1039 849 1132 897 nova
1147 829 1251 922 quasi

208 953 334 1025 electio
351 951 465 1040 fieret,
481 957 573 1049 qu'ae,
590 957 672 1041 Dei,
690 953 727 1024 id
743 970 794 1025 est
806 953 1047 1044 sacerdotum,
1066 967 1175 1043 nutu,
1189 953 1252 1024 de-

206 1084 322 1156 functi
352 1081 446 1170 filio,
472 1105 540 1182 pro
568 1085 705 1155 meritis
732 1083 843 1181 patris
868 1083 1069 1181 ipsiusque,
1097 1092 1263 1179 regnum,

141 1239 146 1246 ·
207 1203 419 1282 decerneret
433 1207 669 1282 autauferret
687 1211 750 1304 (i)

257 1345 328 1412 Pro
345 1342 441 1436 regia
459 1351 634 1437 potestate
651 1342 764 1435 igitur
781 1337 910 1409 fortius
925 1355 1037 1434 quam
1055 1341 1252 1434 quisquam
1348 1399 1349 1402 ,

207 1483 310 1542 antea
330 1471 506 1569 pugnavit
519 1468 698 1565 AEgidius‚
720 1466 1000 1560 etlirmioribu's
1019 1490 1131 1564 quam
1147 1445 1254 1563 'quis-

207 1621 319 1695 quam
334 1597 581 1667 fundamentis
595 1619 673 1666 eam
689 1599 895 1682 constituit;
912 1594 1011 1666 unde
1026 1595 1102 1691 jam
1125 1591 1254 1666 intelli-

962 1215 973 1246 2

207 1731 537 1824 gere‘posstimus,
564 1744 630 1794 cur
655 1723 701 1794 ab
724 1723 923 1820 aequalibus
949 1727 1021 1794 suis
1049 1721 1253 1795 monarchiae

207 1852 375 1952 lepislutor
397 1849 597 1952 appellatus
620 1852 745 1938 fucrit;
766 1851 904 1947 quode
924 1849 1255 1948 sequentibuscla-

207 1985 283 2051 rius
300 1984 409 2050 etiam
426 1978 627 2078 apparebit.

243 2097 453 2202 'Quidquid
478 2105 524 2176 de
541 2109 747 2203 primorum
762 2101 1056 2176 Chiistiuuorum
1080 2103 1256 2201 opinione

210 2241 248 2307 in
264 2235 421 2307 diversas
445 2251 564 2333 partes
588 2232 808 2331 disputetur,
826 2233 903 2329 jam
925 2259 944 2302 a
967 2234 1145 2329 Gregorio
1166 2233 1256 2332 Sep·

210 2367 299 2434 timo
310 2361 501 2434 fatendum
517 2375 568 2432 est
584 2362 822 2432 Summarum
837 2358 1057 2430 Pontificum
1074 2383 1185 2458 supcr
1199 2385 1256 2430 rc-

208 2517 266 2590 ges
279 2491 570 2564 dominationem
586 2489 684 2589 apud
695 2489 889 2588 plerosque
904 2489 1020 2560 medice
1034 2494 1136 2560 etatis
1149 2493 1256 2586 scrip·

168 2711 171 2718 Ι
207 2637 301 2694 tores
316 2591 505 2720 'acceptam
525 2619 634 2690 fuisse
651 2645 658 2686 :
673 2617 746 2689 sive
763 2615 821 2686 alii
845 2642 957 2688 uuam
974 2642 1049 2688 esse
1067 2637 1255 2691 censerent

206 2779 316 2852 supra
343 2750 509 2823 homines
529 2773 709 2822 summam
735 2762 944 2845 potestatem
968 2773 986 2816 a
1009 2729 1086 2818 Deo
1106 2744 1255 2818 institu-

207 2899 297 2965 tnm,
320 2877 478 2952 Ecclesiae
501 2875 644 2963 scilicet,
669 2878 726 2946 cui
750 2901 861 2973 super
886 2873 1077 2974 temporalia
1100 2887 1135 2946 et
1157 2877 1252 2972 spiri-

151 2997 155 3004 ’
208 3008 310 3082 tucliu
335 3008 396 3104 jus
418 3031 522 3104 aeque
544 3029 755 3078 concessum
783 3031 803 3074 a
831 3000 976 3076 Christo
999 3004 1066 3098 (2);
1091 3003 1166 3073 sive
1194 3001 1253 3074 alii

207 3137 298 3210 duas
313 3136 464 3234 quidem
482 3159 555 3206 essc
573 3149 757 3233 potestates,
778 3159 797 3202 a
818 3135 895 3204 Deo
914 3132 1101 3204 immediate
1119 3135 1255 3204 cousti—
1305 3221 1308 3228 Ι

166 3356 171 3365 Ι
208 3283 315 3358 tutas,
331 3263 604 3366 profiterentur,
619 3263 693 3351 sed,
714 3287 834 3360 quum
853 3266 891 3332 in
912 3260 1126 3357 temporalem
1143 3265 1255 3332 vitam

243 3609 274 3676 (1)
291 3607 414 3660 Johunuea
435 3605 657 3666 Salishe1·ierisis‚i.
675 3609 716 3670 tv,
731 3620 784 3670 cap.
797 3606 834 3663 10,
848 3607 890 3665 u,
906 3606 947 3664 ta;
963 3603 980 3652 l.
995 3608 1029 3668 V,
1043 3617 1099 3672 cap..
1112 3605 1135 3649 6.
1147 3630 1175 3638 -
1194 3601 1254 3652 vin-

207 3697 300 3749 centius
312 3695 631 3763 Bellovacensis,*speculum
645 3692 794 3752 doctrinale,
807 3693 826 3742 l.
840 3696 896 3758 vn,
913 3709 966 3760 cap,
983 3695 1018 3742 to.

243 3799 276 3863 (2)
291 3819 304 3843 α
316 3800 426 3863 Uterque
438 3804 474 3846 est
487 3793 599 3846 Ecclesiae
616 3801 639 3842 et
651 3790 783 3858 spiritualis
795 3793 886 3858 gladius
902 3801 926 3841 et
941 3790 1087 3846 materialis:
1103 3789 1142 3839 sed
1158 3789 1178 3839 is
1197 3789 1252 3857 qui·

207 3889 261 3938 dem
274 3905 319 3955 pro
330 3886 444 3949 necteria,
459 3885 501 3935 ille
513 3891 607 3934 vemet
619 3876 650 3933 ab
667 3883 771 3933 Ecclesia
783 3881 931 3932 exercendus
941 3887 985 3931 est.
1002 3882 1049 3930 llie‘
1060 3877 1196 3947 sacerdotis,
1211 3879 1252 3933 ute

206 3979 290 4029 militis
303 3993 386 4043 mauu,
399 3975 442 4026 red
453 3991 509 4026 sane
519 3973 549 4024 ad
561 3983 645 4023 nutum
657 3959 791 4029 sacerdotis,
808 3980 831 4021 et
840 3972 931 4038 jussum
946 3970 1105 4038 imperatoris.
1120 3991 1132 4015 ι»

550 4059 658 4130 (Sanctus
671 4062 816 4129 iterandus,
826 4065 864 4110 De
875 4059 1073 4124 consideratione,
1084 4059 1126 4108 tio.
1141 4056 1197 4126 IV.)
1222 4109 1225 4116 ,

243 4186 256 4210 ιι
271 4163 339 4216 Nihil
354 4161 419 4214 aliud
429 4172 484 4213 sunt
495 4175 562 4227 reges
575 4174 648 4226 quam
659 4159 785 4210 sacerdotii
798 4158 895 4226 quidem
905 4157 1053 4211 ministri....
1067 4177 1080 4200 n
1095 4161 1126 4206 Ut
1138 4171 1219 4221 supra.

243 4275 256 4300 a
269 4259 351 4320 Quum
365 4253 396 4302 de
413 4253 505 4304 ratione
521 4253 581 4318 juris
598 4251 779 4317 queritando,
796 4250 863 4316 cujus
884 4257 918 4298 est
931 4248 999 4305 velle,
1016 4257 1039 4298 et
1054 4247 1104 4314 ejus
1117 4247 1147 4297 sit
1159 4245 1253 4298 aulerro

205 4345 247 4416 qui
260 4345 355 4414 dejure
368 4341 476 4396 conferre
487 4351 575 4414 potest.
588 4364 600 4390 u
783 4337 963 4412 (Policraticus,
980 4337 1021 4390 tit.
1033 4341 1079 4408 IV,
1095 4353 1147 4408 cap.
1164 4333 1196 4410 t.)
