3124 5056
732 475 850 558 ...169
878 507 934 556 ..-
974 515 976 518 ,

309 649 418 723 solius
433 649 547 749 piebis
562 649 718 738 bonum,
732 667 767 721 et
789 652 827 723 iu
848 677 1041 750 procerum
1059 653 1356 751 oppressionem,

311 784 495 876 δημοκρατία
523 781 536 873 (
562 781 585 872 )

362 907 447 976 Haee
476 911 598 976 omnia
626 907 785 978 admittit
811 908 986 1005 AEgidius,
1008 933 1091 1006 quae
1115 909 1191 1007 jam
1216 913 1256 980 in
1287 931 1355 979 suo

310 1038 485 1131 Ropimine
495 1040 688 1138 principum
704 1037 883 1135 professus
898 1055 974 1108 erat
984 1039 1159 1136 Aquinas.
1173 1039 1283 1110 Unde
1296 1064 1352 1110 sex

301 1161 362 1234 'iili
389 1146 652 1262 prineipontium
673 1166 782 1252 modi,
810 1193 950 1263 requam
971 1165 1120 1255 scilicet,
1145 1171 1354 1238 aristocratia

278 1311 282 1318 ’
311 1306 374 1364 aut
394 1290 532 1390 politio,
558 1317 675 1388 quum
697 1292 789 1364 bene
814 1293 860 1363 ab
888 1321 984 1383 uno,
1013 1321 1033 1364 a
1062 1299 1201 1392 paucis,
1225 1311 1289 1366 aut
1309 1294 1355 1365 ab
1382 1391 1387 1396 Ι

310 1417 483 1490 omnibus
513 1420 714 1520 respublica
746 1426 884 1517 geritur
894 1454 903 1512 ;
940 1427 1091 1522 tyrannis
1116 1438 1262 1509 contra,
1291 1421 1355 1491 oii-

310 1543 451 1643 qamitiu
466 1561 528 1618 aut
541 1547 758 1635 democratia,
771 1571 892 1645 ¹quum
908 1545 1027 1643 male(
1053 1549 1080 1639 i.

363 1678 465 1750 lutet·
487 1674 600 1748 bonos
624 1691 745 1746 autem
771 1675 930 1764 delectus
955 1674 1146 1748 habendus
1168 1690 1232 1762 est,
1256 1701 1355 1762 nani,

312 1807 478 1902 quamvis
492 1803 580 1876 boni
598 1809 672 1876 sint
690 1829 818 1886 omnes
838 1821 874 1875 ot
894 1801 1058 1902 legitimi,
1079 1791 1161 1875 vnim
1183 1805 1287 1900 aeque
1302 1819 1358 1874 ta-

313 1959 395 2009 men
410 1932 500 2008 honi
515 1949 613 2005 sunt.

364 2059 596 2164 Adpoffliam
615 2061 793 2136 inclinare
812 2064 909 2146 visus
938 2079 1014 2134 erat
1034 2061 1252 2151 Aristoteles,
1272 2067 1357 2159 quia

314 2169 481 2291 plurium
508 2191 605 2270 oculi
643 2191 749 2290 plura
785 2193 929 2290 vident,
960 2209 996 2264 et
1030 2193 1193 2291 pluuium
1227 2215 1359 2262 manus

315 2319 420 2418 pium
440 2336 603 2418 possunt,
623 2347 733 2416 quam
752 2322 882 2412 unius3
899 2327 984 2418 quia
1009 2347 1166 2419 quoque,
1187 2345 1262 2418 quo
1279 2319 1361 2418 plue

321 2475 376 2522 res
398 2465 484 2522 sunt
502 2449 757 2547 gubernantes,
778 2475 820 2522 eo
840 2453 963 2521 minus
984 2450 1111 2521 eos-um
1143 2448 1297 2536 utititas,
1330 2448 1359 2518 si

315 2577 360 2650 ad
382 2603 461 2650 eam
482 2595 658 2678 spectant,
673 2607 693 2650 a
710 2581 901 2671 eommuni
932 2577 1274 2655 omniumutiiitate
1293 2576 1362 2648 dis·

317 2706 435 2795 cedit;
464 2711 549 2804 quia
577 2707 738 2804 denique
762 2707 884 2808 piures
907 2707 1094 2780 difficilius
1121 2733 1235 2804 quant
1261 2732 1360 2779 unus

316 2811 576 2935 cupiditatibus
597 2853 891 2936 corrumpuntur
905 2839 967 2932 (3).

366 2967 530 3060 Aquinas
558 2981 679 3036 autem
703 2991 770 3062 pso
792 2971 901 3037 unius
926 2964 1176 3038 dominatione
1197 2979 1359 3052 steterat,

317 3091 435 3166 uibus
451 3096 674 3189 argumentis
689 3095 838 3175 innixus
855 3121 861 3162 :

374 3257 407 3318 1⁰
426 3279 440 3310 «
460 3251 554 3339 Quia
575 3245 783 3346 reipubiieae
803 3247 896 3320 salus
913 3275 933 3319 a
951 3248 1142 3320 concordia
1166 3251 1361 3336 omnium,

323 3409 336 3438 a
370 3375 404 3446 id
436 3389 488 3448 est
511 3372 555 3446 ab
582 3378 729 3463 (initote,
753 3373 890 3477 pendet
899 3407 908 3466 ;
934 3377 1172 3478 munp‘estoque
1202 3385 1363 3451 unitatem

323 3535 338 3566 a
361 3510 467 3602 mupis
480 3503 612 3604 efficere
625 3521 730 3605 potest
745 3509 844 3576 tinius
861 3511 1008 3604 regimen
1028 3524 1131 3605 quam
1145 3505 1310 3606 plurium.

372 3641 410 3702 2⁰
444 3665 458 3694 a
488 3627 585 3726 Quia
619 3657 658 3704 ea
688 3660 763 3734 qum
792 3650 869 3705 suat
896 3635 1076 3705 secundnm
1099 3649 1219 3720 artem,
1237 3639 1366 3706 imitari

325 3794 339 3824 u
359 3759 476 3834 debent
491 3789 530 3834 eu
548 3789 622 3862 quoe
636 3781 711 3835 sunt
725 3765 906 3836 secundum
923 3779 1105 3848 tenturum
1126 3797 1140 3826 a
1167 3769 1205 3834 in
1233 3782 1362 3846 nautea

319 3905 453 3981 autem,
480 3897 768 3989 quotiescunque
798 3907 884 3964 sunt
904 3891 1029 3990 plures
1055 3893 1165 3963 unius
1200 3893 1363 3992 eorporis

355 4083 384 4156 (t)
404 4085 517 4147 Politiea,
533 4086 576 4139 lib.
589 4091 634 4152 111,
644 4103 697 4156 cap.
710 4089 722 4136 i
734 4096 757 4136 et
768 4091 791 4138 ὃ.

354 4173 384 4246 (2)
404 4175 458 4228 Lib.
473 4179 502 4238 1,
516 4193 571 4246 esp.
584 4180 607 4229 t.

355 4263 384 4338 (ὃ)
404 4266 515 4345 t’oiitiea,
527 4267 571 4324 lib.
584 4271 622 4318 111
636 4275 660 4320 et
673 4271 719 4336 tv,
729 4265 827 4338 paim..
