3124 5056
630 515 822 580 -49,

255 687 367 782 Quod
395 715 520 762 rursus
546 715 589 762 ex
620 674 785 761 humano
815 687 981 760 sermone
1008 687 1110 760 facile
1129 687 1251 785 colligi

204 834 331 919 potest.
357 820 486 909 Quum
510 823 608 915 enim
634 819 671 888 iu
704 845 776 888 una
807 815 916 887 domo
940 822 1060 888 omnia
1089 823 1162 888 sint
1186 815 1252 887 do·

205 949 311 1034 mini,
328 971 394 1016 nec
409 950 605 1042 quisquam
630 943 721 1016 alius
741 945 808 1016 sibi
834 949 1026 1044 proprium
1045 945 1248 1040 quidquam

206 1088 241 1144 et
261 1077 317 1143 sui
336 1070 431 1171 juris
448 1070 594 1160 habeat,
618 1073 743 1144 nulius
759 1073 808 1143 ibi
824 1072 974 1168 justitiae
990 1089 1054 1143 aut
1069 1072 1254 1169 injustitiae
1341 1157 1346 1165 ι

183 1245 186 1252 »
207 1199 327 1290 iocus3
341 1201 439 1298 quod
460 1219 586 1272 contra
603 1201 639 1272 in
659 1206 813 1290 civitate,
830 1200 891 1271 uhi
909 1201 1043 1298 cuique
1062 1226 1172 1272 suum
1188 1217 1251 1272 est.

206 1329 240 1400 Si
264 1328 376 1423 igitur
402 1326 515 1400 homo
534 1355 552 1399 a
575 1343 701 1400 natura
724 1333 771 1399 ita
796 1328 1012 1399 informatus
1031 1345 1093 1416 est,
1118 1345 1158 1399 ut
1174 1328 1254 1426 jus·

206 1477 287 1532 tum
304 1458 564 1556 injustumque
588 1475 709 1531 mente
736 1463 928 1558 concipere
945 1475 980 1530 et
999 1457 1110 1530 verbo
1133 1465 1254 1559 expri-

208 1614 306 1661 mere
325 1590 448 1690 possit,
476 1589 634 1662 eumad
663 1587 806 1662 civilem
833 1575 981 1687 quoque
1005 1589 1206 1662 societatem
1233 1619 1252 1664 a

210 1733 337 1790 natura
356 1717 593 1790 informatum
618 1722 747 1790 merito
766 1717 910 1789 dixeris.

261 1927 352 2016 Quis
383 1940 506 1996 autem
534 1939 585 1996 est
611 1923 765 1996 civitatis
789 1923 1021 1995 instituendae
1042 1922 1140 2016 finis,
1167 1951 1252 1997 nam

207 2051 252 2123 ad
269 2051 430 2148 aliquem
446 2051 556 2123 finem
572 2056 784 2122 instituatur
798 2050 965 2149 oportet?

183 2271 185 2275 ’
259 2263 373 2350 Idem,
397 2279 439 2334 ut
458 2267 571 2336 sensit
591 2262 810 2349 Aristoteles,
838 2261 972 2335 civitati
998 2261 1080 2335 finis
1104 2265 1167 2361 qui
1190 2262 1253 2336 ho·

209 2395 301 2462 mini
322 2407 383 2464 est.
402 2394 553 2464 Homini
569 2407 689 2462 autem
708 2388 790 2462 finis
809 2405 861 2462 est
880 2389 1068 2462 beatitudo
1091 2407 1152 2462 aut
1173 2391 1254 2476 feli-

210 2518 310 2608 citas,
328 2545 409 2614 quae
424 2522 452 2590 si
469 2515 702 2591 beatitudiuem
718 2517 1018 2619 supernaturalem,
1040 2544 1060 2588 e
1076 2524 1253 2591 sententia
1270 2565 1274 2570 ·

209 2647 417 2742 Aquinatis,
437 2646 651 2746 seposueris
681 2646 838 2744 perfecta
858 2643 1063 2718 secuudum
1084 2645 1252 2718 virtutem

211 2774 282 2845 vita
302 2779 552 2863 constituitur,
569 2773 751 2871 adjunctis
769 2799 852 2870 quae
866 2771 912 2844 ad
933 2773 1073 2846 bonum
1091 2779 1254 2874 corporis

210 2898 337 2972 habitu
346 2927 380 2970 m
397 2917 482 2972 suut
496 2905 703 2972 necessaria.

260 3027 314 3100 Ad
331 3028 367 3098 id
393 3034 503 3126 igitur
526 3028 741 3100 naturaliter
763 3033 931 3102 instituta
954 3047 1008 3102 ost
1031 3032 1165 3122 civitas,
1190 3059 1252 3105 seu

208 3157 359 3230 familiae
389 3164 497 3230 unius
529 3159 857 3247 incrementis‚seu
887 3161 1080 3234 concordia
1098 3161 1254 3234 familia·

210 3286 307 3358 rium
332 3314 446 3359 unam
468 3289 736 3388 rempublicam
762 3295 1084 3380 constituentium,
1109 3307 1152 3362 ut
1175 3315 1254 3362 om·

211 3440 273 3486 nes
288 3435 323 3488 et
340 3421 474 3488 virtuto
494 3435 529 3487 ct
552 3417 706 3490 extemis
718 3417 824 3488 bonis
842 3416 931 3490 bene
953 3425 1071 3493 vivere
1091 3440 1252 3519 possent,

210 3542 309 3637 quod
329 3544 406 3613 siue
425 3569 463 3614 ea
480 3542 561 3614 fieri
579 3545 759 3642 nequiret.

266 3675 298 3743 ls
323 3689 375 3744 cst
393 3672 489 3744 iliius
503 3672 599 3762 finis,
617 3699 636 3744 e
656 3698 731 3770 quo
749 3674 847 3745 iilius
862 3674 1028 3748 definitio
1049 3675 1253 3766 deducitur,

209 3820 242 3874 et
262 3803 307 3874 ad
326 3830 437 3902 quom
459 3803 583 3875 tendat
598 3820 661 3875 aut
679 3804 858 3902 dirigatur
873 3822 1026 3907 oportet.

261 4023 309 4091 Ut
327 4017 437 4090 tinem
455 4019 577 4091 civitas
592 4036 816 4118 assequatur,
833 4018 981 4094 ductore
994 4020 1044 4094 ilii
1058 4049 1150 4124 opus
1162 4043 1225 4096 est.

222 4235 225 4239 .
268 4183 282 4212 a
305 4148 347 4218 Iu
369 4147 522 4220 omuibus
546 4155 649 4234 euitat,
676 4165 711 4218 ut
735 4155 784 4220 uit
807 4154 971 4250 Aquinus,
995 4178 1070 4250 quae
1092 4154 1138 4222 ud
1149 4154 1253 4247 finem

218 4279 397 4377 antiquom
422 4279 635 4364 ordinantur,
660 4282 693 4347 in
717 4274 834 4376 qrribus
858 4283 1019 4374 contiuqit
1043 4285 1089 4351 sic
1110 4297 1139 4351 ct
1160 4282 1255 4378 uiitcr

1131 4447 1145 4488 -i
