3126 5058
648 511 814 572 ...7-

210 679 361 754 cedendi
391 683 500 756 modo
537 669 647 781 quatu
689 681 856 767 doctrina
887 682 1079 754 notandus.
1114 687 1254 756 Omnes

208 809 305 884 enim
321 815 385 908 qui
404 812 451 883 de
467 813 611 912 politica
628 829 702 884 arte
716 827 798 884 ante
821 837 908 883 eum
927 811 1173 884 disseruerunt
1187 811 1252 909 (t),

183 937 491 1036 ⁴⁸licetgentilibus
509 939 758 1040 scriptoribus,
774 943 876 1036 quasi
892 943 1071 1036 magistris
1081 937 1251 1012 ducibus·

206 1091 278 1164 que
305 1083 511 1158 uterentur,
535 1073 584 1139 ita
603 1066 715 1139 simul
736 1069 919 1139 Sacrorum
939 1069 1100 1139 Codicum
1126 1083 1252 1139 aucto·

206 1195 308 1265 ritate
333 1193 556 1285 nitebantur,
583 1212 624 1266 ut
644 1195 850 1267 Gentilium
870 1195 1022 1292 quidem
1036 1195 1251 1294 sapientiam

204 1337 241 1393 et
267 1325 380 1422 ipsam
411 1321 586 1396 humanae
615 1326 767 1395 rationis
802 1330 877 1395 vim
914 1328 953 1394 in
983 1323 1251 1396 adminiculum

205 1447 422 1522 Christianae
433 1451 604 1524 doctrinae
617 1453 794 1526 advocare
806 1453 1030 1541 viderentur,
1039 1449 1102 1524 sed
1116 1429 1158 1524 ex
1173 1461 1250 1552 ipsa

189 1564 406 1654 ⁴Christiana
434 1581 609 1679 religione
630 1588 826 1654 sententias
842 1599 878 1654 et
895 1583 1078 1681 praecipua
1101 1599 1250 1680 qunque

202 1726 417 1803 argumenta
449 1708 669 1799 haurirent,
700 1716 802 1809 quasi
827 1710 998 1782 'humana
1028 1709 1119 1782 ratio
1143 1710 1260 1781 inda·-v

202 1836 1246 1938 gandaeetdemonstrandaeveritatiimparnonsufficeret.

201 1963 343 2062 AEgidio
359 1981 483 2038 contra
501 1971 693 2066 proprium
713 1965 781 2039 hoc
797 1981 832 2038 et
851 1965 1033 2066 peculiare
1049 1981 1112 2054 est,
1132 1965 1244 2062 quod,

201 2091 293 2164 salva
310 2091 516 2165 Christiana
536 2093 620 2182 lide,
634 2095 718 2165 solis
735 2109 854 2166 tamen
868 2098 1015 2165 rationis
1032 2094 1172 2164 viribus
1192 2088 1246 2166 uti

132 2233 135 2240 '
200 2243 321 2308 ausus,
339 2218 484 2290 nullum
500 2233 758 2318 argumentum
773 2247 793 2292 a
812 2222 924 2293 Sacris
939 2219 1134 2294 Codicibus
1148 2218 1245 2291 hau·

201 2349 304 2437 serit,
333 2373 400 2420 nec
430 2347 551 2420 ullum
575 2353 670 2420 inter
689 2347 913 2421 Christianus
933 2353 1147 2448 scriptores,
1175 2352 1244 2419 nisi

200 2463 415 2576 Dionysium
444 2481 714 2578 Areopagitem,
745 2481 784 2548 in
813 2476 884 2550 hoc
901 2491 1055 2566 tractatu
1077 2481 1243 2547 nomina·

198 2605 301 2678 verit.
321 2605 433 2696 Quod
455 2623 549 2678 certe
572 2631 647 2677 non
673 2610 712 2675 in
735 2605 852 2703 majus
873 2603 1084 2702 urgendum
1107 2619 1170 2689 est,
1195 2607 1243 2673 ita

233 2930 267 2993 (t)
284 2929 309 2979 si
322 2929 396 2994 aliqui
407 2929 490 2977 saltam
499 2927 538 2976 hic
550 2927 689 2978 nominandi
700 2935 764 2992 sunt,
774 2927 822 2991 jam
834 2943 848 2978 a
859 2942 923 2977 nono
933 2927 1019 2976 seculo
1031 2925 1185 2976 nominentur
1197 2937 1204 2978 t

304 3047 459 3110 uincamus,
470 3046 593 3095 Remensis
606 3045 806 3113 Arclriepiscopus
821 3041 872 3114 (De
884 3053 1000 3112 potestate
1011 3045 1074 3110 regia
1083 3053 1107 3094 et
1121 3042 1241 3110 pontificia

339 3133 480 3194 admonitio,
490 3133 521 3182 ad
536 3133 719 3183 Carolomanurn
735 3131 849 3198 regem);

303 3228 384 3287 Engo,
402 3222 534 3272 monachus
551 3223 707 3274 floriacensis
729 3219 784 3291 (De
796 3223 860 3288 regia
880 3229 1033 3290 potestates!
1051 3219 1081 3270 ds
1101 3217 1241 3272 sacerdotali

339 3314 452 3380 dignitate
465 3322 577 3364 tractatus
588 3311 595 3380 l
605 3330 613 3376 ;

299 3391 387 3454 'Petrus
401 3403 547 3453 Lambardus
560 3399 684 3471 (Quattuor
696 3401 751 3452 iibri
764 3399 951 3473 sentetriiarunt:
967 3401 1028 3451 liber
1039 3405 1062 3469 Ξ,
1076 3401 1239 3464 distinetioll,

338 3493 452 3543 articulus
461 3497 484 3559 t,
495 3492 525 3540 de
535 3489 685 3561 obedientia)
695 3505 701 3558 ;

302 3587 389 3634 Beatus
408 3583 541 3632 Bernartius
553 3578 653 3650 (Sparsa
672 3582 764 3647 aliquot
776 3581 800 3630 ia
812 3578 928 3648 Epistulis
946 3581 975 3630 ad
988 3580 1125 3632 Conrsdum
1143 3596 1238 3646 regem,

337 3679 360 3720 et
374 3671 399 3720 ln
415 3671 481 3720 libris
490 3671 520 3720 de
537 3665 762 3737 consideratione);
806 3655 824 3680 ⁸

300 3760 423 3814 lohannes
440 3757 613 3811 salisberiensis
630 3757 798 3828 (Polieraticus
808 3791 815 3820 ,
827 3775 869 3809 seu
885 3759 915 3808 de
933 3757 1000 3825 nugis
1023 3757 1148 3810 curialium
1163 3764 1187 3808 st
1210 3758 1241 3808 de

338 3851 440 3916 vestigiis
452 3847 682 3918 philosophorum);

304 3941 439 3993 Guilelmus
449 3939 562 3989 reratdus
574 3940 627 4004 (Dc
638 3938 772 3988 eruditione
783 3939 920 4008 principum
932 3937 1007 4002 liber)
1018 3953 1025 3996 ;

304 4031 444 4082 vincentius
461 4029 634 4081 Bellovaeensia
649 4029 795 4098 (Speculum
807 4024 953 4088 doctrinale;
964 4028 1043 4078 -De
1055 4013 1160 4078 fililsrunt
1171 4040 1240 4095 ragr-

338 4123 398 4174 lium
410 4121 590 4189 institatinnsl;

304 4215 389 4262 Beatus
400 4211 505 4261 Thomas
514 4209 680 4273 (Aristotelicas
692 4207 793 4275 politicae
804 4209 937 4276 expositi03
948 4236 982 4248 -
992 4211 1088 4258 Summa
1099 4207 1222 4272 theologias
1229 4224 1237 4268 ς

322 4327 374 4382 Ι-
382 4303 419 4351 De
430 4299 546 4367 regimine
557 4300 694 4368 principum
706 4297 762 4351 libri
769 4300 788 4363 ).
