3124 5056
635 477 823 540 ..77.„

211 657 363 725 maxima
392 656 435 723 sit
460 650 664 739 delectatio,
692 684 705 714 «ι
732 669 763 724 et
786 679 889 752 quum
916 658 1000 724 ueris
1030 651 1159 751 rupibus
1180 655 1254 754 plus

215 813 229 844 a
250 783 390 851 clametur
405 806 447 850 eu
459 806 575 850 aurore
588 805 689 878 quum
709 787 862 875 tyrannis
876 787 1054 880 proueniat
1067 807 1107 852 cx
1120 784 1254 880 praedu-
1269 763 1270 770 .

217 939 230 969 u
253 914 339 979 tione
348 906 468 1006 populi
482 908 544 1003 (r).
566 943 579 972 υ

262 1041 308 1109 Ea
324 1051 411 1108 sunt
430 1037 610 1136 praecipua
628 1043 720 1134 regis
737 1036 873 1126 officia,
893 1037 1029 1136 quibus
1044 1038 1255 1112 divinorum

211 1190 336 1236 curam
356 1163 512 1261 adjiciet,
534 1151 703 1261 tauquam
727 1165 1003 1264 complementum
1024 1172 1192 1254 omnium,
1215 1183 1257 1239 ut

119 1317 121 1322 ·
212 1299 333 1366 Deum
350 1294 418 1366 sibi
438 1299 596 1366 amicum
621 1294 753 1368 babere
773 1293 909 1398 populo
927 1295 1107 1384 rideatur3
1131 1311 1255 1394 utque,

213 1430 346 1526 reipsa,
372 1429 446 1496 Deo
471 1441 655 1524 aceeptus,
677 1426 799 1498 omniu
817 1426 895 1520 jam
917 1430 954 1498 in
976 1423 1044 1497 hac
1069 1429 1139 1496 vita
1163 1425 1257 1497 bene

213 1553 280 1626 sibi
302 1554 525 1626 succedentia
547 1553 679 1641 videat,
701 1573 736 1625 et
757 1571 925 1626 aeternam
946 1556 1150 1626 felicitatem
1177 1569 1259 1654 post

214 1697 368 1755 mortem
387 1681 620 1779 adipiscatur.

182 1795 185 1802 ,
206 1859 210 1866 -
264 1811 296 1882 si
315 1827 438 1882 contra
458 1809 497 1880 in
521 1813 720 1908 tyrannum
741 1807 983 1905 degenerabit,
1003 1808 1040 1880 id
1063 1825 1114 1882 est
1133 1813 1162 1899 si
1183 1835 1259 1882 non

146 1956 151 1963 '
216 1939 447 2011 subditorum
468 1939 627 2027 utilitati,
640 1937 699 2012 sed
717 1945 792 2010 suis
806 1937 1068 2038 cupiditatibus
1081 1937 1258 2027 consulet,

215 2073 437 2170 privatarum
455 2069 634 2140 domuum
649 2066 888 2168 depraedator,
910 2068 1134 2166 sapientibus
1149 2083 1184 2140 et
1198 2067 1260 2138 lit·

214 2202 335 2270 teratis
348 2197 524 2284 infensus,
542 2196 697 2296 publicae
712 2197 876 2294 pecuniae
891 2201 926 2266 in
946 2193 1057 2270 malos
1073 2222 1158 2268 usus
1173 2221 1261 2296 pro-

214 2327 337 2424 digus,
365 2331 609 2423 carniumque
632 2342 853 2398 sacratarum
882 2324 1003 2424 legum
1032 2326 1193 2416 violator,
1222 2329 1261 2396 in

214 2455 495 2530 exsecrationem
508 2452 1260 2561 onmiumirtcidet,et,postquam,insidiis

217 2585 381 2682 undique
398 2587 682 2672 circumventus,
701 2587 812 2654 vitam
833 2579 1009 2654 omnibus
1030 2587 1145 2654 animi
1162 2607 1263 2654 acer-

217 2710 390 2784 bitatibus
407 2711 637 2784 dilaceratam
653 2716 748 2782 inter
766 2708 932 2782 homines
947 2709 1076 2782 misere
1097 2709 1262 2800 traxerit,

219 2839 439 2913 ineluctabili
456 2839 636 2938 supplicio
655 2840 754 2939 apud
768 2839 903 2912 inferos
919 2838 1169 2914 mulctabitur.

268 3063 316 3132 Ea
335 3077 421 3132 sunt
435 3087 528 3157 quae,
544 3061 745 3134 secuudum
764 3061 959 3158 AEgidium,
979 3067 1146 3161 princeps
1163 3085 1263 3133 exse-

218 3194 280 3286 qui
306 3207 368 3261 aut
394 3193 505 3260 ritare
526 3187 653 3277 debet3
681 3217 796 3289 pauca
820 3189 1020 3261 admodum
1047 3216 1147 3262 nunc
1169 3189 1263 3287 adji-

218 3316 375 3404 ciamus,
398 3331 440 3388 ut
463 3316 617 3415 perfecte
643 3318 858 3402 adumbrata
883 3324 927 3390 sit
955 3317 1052 3389 illius
1078 3321 1264 3415 regiminis

214 3453 349 3546 irrogo.

269 3579 320 3647 De
337 3575 552 3647 consiliariis
573 3593 608 3648 et
629 3576 675 3648 do
701 3576 838 3675 populo
858 3575 982 3649 omnia
1010 3590 1092 3672 quae
1113 3574 1266 3672 alicujus

221 3707 397 3777 momenti
421 3719 524 3774 erant
539 3703 613 3800 jam
643 3708 679 3772 in
706 3703 993 3803 praecedentibus
1019 3702 1187 3774 diximus.
1214 3704 1266 3773 De

217 3831 404 3931 judicibus
425 3851 460 3904 et
480 3833 525 3904 de
545 3831 684 3928 legibus
705 3832 825 3928 aliqua
844 3831 952 3904 nobis
968 3829 1118 3904 dicenda
1137 3855 1267 3932 super·

221 3981 315 4034 sunt.
931 3935 938 3948 Ι

273 4092 405 4163 Omnia
421 4115 503 4187 quae
517 4087 563 4160 de
575 4087 763 4187 judicibus
780 4086 889 4161 sensit
909 4085 1085 4184 AEgidius,
1104 4063 1143 4158 ex
1169 4085 1267 4156 Aris-

260 4296 289 4364 p)
305 4298 364 4360 cip.
382 4296 417 4344 u.
