3124 5056
739 469 932 536 ..32-

304 644 550 735 aemulatione,
568 670 688 742 quum
701 671 843 744 semper
853 671 889 718 se
904 644 1070 746 patribus
1086 650 1238 719 existere
1251 645 1357 720 nobi-

236 863 238 870 γ
304 770 416 844 liores
442 771 564 859 velint,
591 797 665 844 esse
689 771 894 862 contendit;
925 773 1174 872 doctrinaeque
1198 775 1356 874 aptiores

304 899 466 988 eosdem,
483 917 519 970 et
538 905 651 995 magis
669 899 917 989 industriosos,
939 917 1018 974 tum
1041 901 1178 974 mollitie
1195 905 1305 975 cornu
1319 921 1356 976 et

304 1026 548 1127 complexionis
574 1026 729 1116 bonitate,
754 1047 836 1101 tum
861 1030 964 1126 quia,
988 1031 1102 1102 oculis
1125 1036 1292 1103 omnium
1317 1037 1356 1103 in

306 1180 342 1227 se
384 1161 588 1247 conversis,
623 1156 668 1227 ad
699 1157 844 1229 meliora
878 1159 1019 1230 incitari
1056 1158 1224 1231 debeant.
1253 1157 1356 1231 Nihil

306 1299 429 1357 tamen
457 1291 555 1357 inter
579 1273 655 1358 haec
680 1291 842 1383 require,
865 1287 966 1385 quod
987 1285 1033 1359 ad
1054 1288 1123 1387 illa
1137 1304 1297 1388 tempora
1320 1305 1356 1360 et

305 1417 474 1512 proprios
492 1411 676 1484 nobilium
701 1411 796 1486 illius
819 1414 932 1485 aetatis
953 1439 1069 1486 mores
1084 1419 1279 1514 pertineam
1296 1421 1355 1486 ui-

306 1540 360 1614 hil
387 1543 456 1614 tale
476 1541 574 1642 apud
597 1559 780 1632 nostrum,
803 1569 860 1616 res
882 1547 1049 1616 universe
1072 1567 1216 1644 semper
1239 1548 1356 1617 consi-

306 1669 513 1760 derantem,
528 1688 562 1744 et
577 1670 617 1743 in
634 1671 786 1768 singulis
805 1675 943 1744 morari
960 1676 1064 1768 quasi
1082 1672 1357 1768 dedignantem.
1428 1685 1434 1698 '

358 1925 426 1993 Hic
442 1919 627 1993 absolutus
639 1938 691 1992 est
705 1924 846 2020 primus
860 1919 977 2019 hujus
989 1920 1186 1994 voluminis
1199 1919 1304 2011 liher;
1321 1941 1356 1994 et

308 2049 470 2123 absoluta
486 2063 664 2148 praecepta
680 2053 814 2138 omnia,
831 2047 980 2146 quibus,
995 2049 1073 2146 jam
1088 2075 1164 2120 nou
1179 2048 1355 2120 familiam

308 2195 342 2250 et
366 2204 535 2274 reguum,
555 2176 614 2250 sed
639 2203 675 2248 se
696 2181 818 2274 ipsum
841 2203 900 2247 rex
926 2174 1131 2274 gubernare
1154 2175 1293 2248 debeat.
1312 2179 1355 2246 lu

309 2330 381 2402 qua
408 2320 509 2402 parte
530 2305 651 2402 operis
678 2308 780 2400 quasi
809 2319 1022 2374 caeterarum
1047 2321 1098 2375 est
1123 2307 1354 2403 praeparatio,
1428 2367 1436 2376 .

309 2459 427 2531 quum
449 2433 494 2504 ad
513 2431 657 2503 nullum
685 2432 755 2503 nisi
777 2431 822 2502 ad
848 2433 1019 2504 eumdem
1047 2459 1087 2504 ac
1115 2459 1224 2504 suum
1242 2430 1355 2502 finem

309 2559 483 2633 familiam
501 2577 536 2631 et
549 2558 640 2632 subd
648 2561 725 2651 itos‚
742 2585 812 2658 pro
833 2559 1041 2632 conditione
1060 2561 1252 2658 cujusque,
1272 2557 1357 2632 diri·

310 2692 445 2789 gendos
463 2714 523 2759 rex
539 2692 722 2788 suscipiat.

361 2818 464 2909 Quid
493 2835 615 2891 autem
640 2833 691 2888 est
715 2814 760 2887 de
786 2820 854 2892 ista
881 2841 1028 2889 morum
1054 2814 1245 2916 disciplina
1274 2841 1357 2889 ceu·

310 2946 488 3019 sendum?

362 3081 487 3150 Paucis
512 3079 685 3174 exeeptis,
710 3091 751 3147 ut
772 3077 854 3148 satis
878 3101 943 3175 per
967 3101 1003 3148 se
1026 3091 1192 3174 apparet,
1218 3089 1289 3146 tota
1314 3099 1355 3146 ex

310 3204 497 3276 Aristotele
509 3203 616 3276 ducta
630 3221 693 3291 est,
709 3203 757 3275 ita
774 3220 815 3275 ut
835 3201 929 3274 nihil
944 3202 1150 3301 quidquam
1168 3201 1297 3275 melius
1311 3202 1357 3274 de

310 3331 445 3405 virtute
473 3330 636 3403 humana
671 3347 860 3431 repertum
892 3330 1036 3420 credas,
1068 3329 1246 3402 tredecim
1275 3347 1358 3430 post

310 3459 498 3536 Christum
515 3459 663 3550 saeculis,
681 3485 793 3558 quam
812 3457 931 3531 tribus
949 3475 1046 3532 ante.
1068 3463 1258 3555 Aquinatis
1276 3460 1358 3556 qui·

310 3587 405 3679 dem,
421 3588 593 3661 eumdem
610 3612 758 3685 quoque
773 3585 1004 3659 Aristotelem
1022 3587 1061 3657 in
1074 3589 1223 3658 Summa
1236 3585 1357 3660 Theo·

310 3717 426 3815 logica
444 3718 574 3806 secuti,
597 3721 697 3815 gravi
716 3713 884 3814 exemplo
904 3739 941 3786 se
967 3717 1061 3786 tueri
1085 3739 1187 3814 posse
1214 3713 1357 3786 videtur

310 3846 490 3944 AEgidius3
506 3844 569 3917 sed
582 3843 651 3917 hoc
666 3843 762 3917 inter
773 3862 978 3940 utrumque
990 3847 1149 3931 interest,
1164 3841 1265 3938 quod
1278 3843 1357 3915 Bea-

311 3987 369 4045 tus
384 3972 546 4047 Thomas
560 3975 672 4046 ordini
685 3970 848 4058 iecturali,
863 3989 905 4042 ut
917 3975 980 4059 ait,
995 3972 1148 4041 ordinem
1161 3986 1356 4070 supernatu-

313 4100 419 4173 ralem
443 4102 643 4189 addiderit,
665 4119 700 4173 et
723 4099 921 4174 virtutibus
945 4097 1107 4183 Politicis,
1133 4101 1173 4167 in
1197 4097 1356 4196 comple-

314 4249 480 4306 mentum
496 4250 531 4306 et
547 4235 817 4322 correctionem,
833 4235 984 4303 virtutes
999 4231 1031 4298 T
1028 4224 1213 4321 deoloqules
1229 4253 1269 4299 su
1274 4253 1356 4327 per-
