3126 5058
740 484 930 551 ..10...

309 663 414 732 trinae
426 653 639 728 inveniendi
652 671 688 733 et
700 651 971 728 demonstrandi
992 681 1125 753 genus,
1151 681 1216 728 uec
1230 655 1355 727 eadem

308 785 657 859 omniumeertitudo.
675 781 940 856 Mathematicis
957 783 1107 878 quidem
1123 797 1158 853 et
1171 781 1356 882 metaphy-

308 913 389 988 sicis
410 914 504 985 olara
526 911 694 1010 quaedam
718 929 803 984 sunt
831 912 1030 1012 principia,
1060 913 1248 983 intellectu
1278 911 1357 1010 ipso

310 1039 562 1142 comprobata,
579 1067 598 1110 e
613 1041 767 1136 quibuS,
782 1057 878 1111 certa
895 1038 1237 1126 ratiocinandiarte,
1251 1035 1357 1108 firma

310 1187 344 1243 et
377 1185 474 1241 recta
506 1185 721 1266 argumenta
752 1167 1003 1257 deducuntur,
1042 1165 1180 1263 quibus
1211 1166 1357 1236 scientia

257 1308 260 1315 ’
311 1315 461 1374 constat.
492 1291 558 1372 Sed
587 1291 791 1371 moralibus
818 1273 994 1371 doctrinis
1019 1292 1168 1398 (quihus
1192 1296 1358 1396 profecto

310 1452 366 1500 ars
398 1425 542 1526 politica
565 1426 842 1496 adnumeranda
871 1432 959 1520 est),
989 1451 1072 1523 quae
1097 1425 1142 1495 de
1160 1421 1356 1495 hominnm

311 1555 451 1630 actibus
467 1571 568 1643 sunt,
587 1581 661 1626 non
678 1555 804 1626 eadem
818 1547 1036 1654 procedendi
1052 1559 1164 1642 rati0,
1181 1579 1297 1650 quum
1309 1557 1357 1623 ita

310 1689 409 1756 varia
432 1698 467 1754 et
494 1681 632 1754 diversa
649 1689 722 1754 sint
749 1677 947 1754 hominum
972 1697 1066 1770 aeta,
1092 1697 1134 1753 ut
1154 1681 1191 1752 in
1209 1679 1359 1778 singulis

311 1836 455 1912 semper
474 1817 546 1882 sint
567 1808 707 1906 aliquot
719 1809 909 1908 adjuncta,
931 1837 1044 1907 quaea
1053 1807 1274 1909 philosopho
1296 1828 1360 1880 aut
1402 1850 1405 1856 ·

312 1966 333 2010 a
348 1939 583 2035 legumlatore
596 1935 777 2036 provideri
796 1965 870 2010 non
886 1939 1092 2038 potuerint,
1116 1954 1151 2008 et
1162 1937 1209 2008 de
1223 1933 1359 2033 quibus

310 2067 449 2165 judicia
481 2095 500 2137 a
527 2065 687 2136 definitis
718 2065 852 2162 regulis
876 2059 1006 2137 deduci
1028 2079 1223 2161 nequeant.
1250 2069 1291 2135 ln
1317 2056 1359 2134 iis

313 2200 436 2293 igitur,
449 2187 530 2265 nou
536 2220 600 2291 per
613 2191 1127 2292 syllogismos.procedendum
1145 2209 1209 2282 est,
1219 2193 1280 2264 sed
1295 2220 1361 2291 per

313 2327 474 2415 ἐπαγωγὰς
498 2321 630 2420 potiuS,
649 2316 683 2391 id
703 2337 755 2392 est
773 2347 838 2420 per
858 2322 1042 2420 exempla,
1058 2335 1094 2392 et
1111 2346 1154 2390 ex
1177 2325 1261 2420 ipsis
1281 2321 1367 2391 mo-'

313 2444 415 2520 ribus
437 2461 500 2520 aut
519 2447 621 2519 factis
644 2445 844 2546 colligenda
867 2475 949 2546 quae
964 2473 1032 2548 pro
1043 2447 1177 2546 regulis
1191 2442 1359 2520 habenda

313 2578 427 2671 sunt(
451 2577 476 2670 ).

365 2704 449 2776 Haec
478 2719 609 2775 cuncta
637 2703 818 2804 approbat
838 2703 1010 2803 AEgidius.
1036 2701 1281 2802 Haudigitur
1296 2729 1362 2803 per

315 2833 464 2918 subtiles
478 2831 821 2906 mathematicorum
846 2839 1016 2918 rationes,
1034 2851 1075 2905 ut
1089 2837 1155 2921 ait,
1176 2833 1236 2904 sed
1252 2859 1363 2932 prosso

316 2965 461 3063 quodam
479 2933 586 3047 modo,
608 2979 685 3062 typo
706 2981 737 3036 et
747 2961 943 3062 fipuraliter
955 2958 1130 3064 procedet;
1154 2989 1229 3034 non
1244 2961 1361 3034 solum

317 3091 416 3186 quod
431 3096 468 3161 in
484 3089 546 3160 tali
560 3117 599 3160 re
615 3117 689 3161 non
707 3090 1034 3180 demonstratione,
1060 3109 1095 3161 at
1109 3091 1265 3188 simplici
1280 3117 1361 3190 per·

315 3223 496 3307 suasione,
523 3217 704 3289 utendum
720 3224 783 3308 sit,
812 3215 996 3290 sedetiam
1019 3215 1119 3314 quod
1139 3215 1302 3316 exempla
1326 3234 1363 3290 et

314 3363 439 3419 caetera
465 3362 679 3442 argumenta
705 3373 724 3416 e
749 3345 849 3418 factis
873 3343 999 3435 dueta,
1022 3345 1130 3418 insita
1152 3343 1312 3442 quadam
1327 3347 1361 3416 vi

316 3480 458 3546 animos
476 3471 676 3572 legentium
691 3489 961 3564 commoveant,
980 3473 1074 3545 etad
1091 3471 1278 3572 agendum
1291 3475 1363 3544 im-

316 3605 454 3706 pellant
474 3609 553 3703 (qui
573 3605 723 3703 quidem
740 3605 937 3676 moralium
951 3631 1105 3705 operum
1123 3603 1207 3676 finis
1222 3609 1306 3702 est);
1329 3621 1365 3676 et

317 3733 417 3828 quod
435 3757 511 3803 non
524 3725 567 3802 ad
588 3733 793 3830 principem
808 3747 952 3802 tantum
967 3729 1044 3804 haec
1061 3749 1240 3832 [rraecepta
1260 3757 1363 3802 com-

318 3859 488 3958 ponenda
514 3863 603 3946 sint,
638 3850 698 3929 sed
724 3855 769 3927 ad
804 3857 984 3957 populum
1016 3885 1182 3955 quoque,
1224 3863 1289 3956 qui
1318 3857 1362 3929 ad

318 3984 561 4058 obedientiam
576 4011 651 4056 non
669 3989 788 4056 minus
803 3985 1053 4058 informandus
1067 4003 1119 4058 est
1133 4011 1246 4082 quam
1259 3991 1365 4086 prin·
1400 4045 1405 4056 .

355 4257 388 4320 (t)
408 4254 537 4305 Rhetorice
547 4295 553 4322 ,
564 4255 608 4307 lib.
623 4261 649 4323 1,
669 4272 722 4322 cap.
733 4259 755 4305 t.
785 4239 790 4248 ³
