3124 5056
643 506 835 569 *65-

214 672 1258 782 telediversushaereditatemviriiiterpropupnatAEgidius.
1288 701 1290 708 '

265 802 367 875 illius
387 821 613 900 argumenta,
639 805 677 876 in
702 805 769 877 hac
802 813 983 909 praeeipna
1015 809 1123 910 hujus
1144 819 1277 912 operis

218 947 332 1030 parte,
350 930 493 1028 longius
507 958 690 1030 exponere
704 933 812 1008 nobis
827 935 941 1009 liceat.

263 1057 411 1157 Triplici
437 1057 571 1131 scilicet
599 1065 666 1150 via,
684 1081 724 1133 ut
749 1069 810 1152 nit,
835 1065 991 1138 ostendit
1018 1093 1171 1162 regnum
1197 1097 1261 1168 per

215 1184 459 1258 haereditatem
489 1187 622 1260 meiius
654 1215 764 1285 qnam
800 1219 866 1290 per
901 1192 1112 1266 eiectionem
1146 1214 1263 1268 tnrns-

144 1298 146 1302 Ι
215 1317 338 1389 nritti:

271 1457 303 1518 1⁰
322 1481 336 1511 ιι
355 1450 404 1521 Ex
422 1466 523 1547 parte
539 1453 652 1551 ipsius
682 1456 788 1549 repis,
806 1451 891 1549 quia
909 1458 936 1524 si
955 1480 1014 1526 rex
1029 1455 1135 1528 vident
1148 1451 1265 1525 debere

219 1607 233 1638 ιι
251 1601 283 1646 se
306 1581 499 1677 principari
530 1604 630 1679 saper
652 1605 804 1678 repnum,
839 1607 907 1652 non
935 1580 1043 1654 solunt
1072 1583 1118 1653 ad
1148 1588 1263 1668 vitam,

220 1737 233 1766 ιι
253 1706 310 1776 sed
320 1721 353 1776 et
361 1731 425 1805 per
439 1703 667 1780 nereditatem
683 1714 716 1780 in
732 1715 881 1809 propriis
884 1709 983 1810 feliis,
1006 1716 1114 1809 ornpis
1133 1728 1267 1810 reputo-

152 1913 155 1921 ·
219 1829 438 1905 «bitionum
463 1842 639 1933 requiesse
657 1834 779 1910 borenna
804 1864 921 1924 snum,
941 1855 972 1910 et
985 1841 1154 1912 ardentius
1175 1838 1267 1910 sotii·
1318 1839 1321 1856 '

218 1995 233 2025 ιι
251 1963 407 2038 citabitur
419 1971 510 2038 circo
533 1966 597 2039 tale
613 1965 749 2038 bonnm.

267 2101 306 2166 2⁰
328 2129 341 2159 ιι
366 2099 418 2168 Ex
442 2112 542 2196 parte
562 2097 798 2186 succedentis,
823 2125 903 2170 nam
927 2104 1010 2171 sient
1029 2123 1136 2171 mores
1160 2126 1268 2199 nuper

219 2255 234 2287 ι
254 2223 448 2313 ditatorem,
472 2239 507 2296 nt
527 2223 728 2324 plurimum,
747 2228 877 2326 pejores
894 2242 970 2298 sunt
986 2222 1136 2298 moribus
1150 2253 1266 2298 eorum

219 2385 234 2417 ι
254 2353 461 2452 quifnernnt
477 2353 592 2425 divites
614 2350 658 2425 ab
680 2359 831 2454 antiqno,
846 2359 895 2426 sic
909 2379 1017 2426 mores
1033 2381 1139 2454 nuper
1151 2371 1266 2454 poten-

220 2515 234 2546 ιι
256 2489 355 2569 tium,
378 2500 409 2581 et
430 2485 470 2556 de
495 2511 583 2558 novo
608 2483 813 2558 elevatorum
837 2512 900 2585 per
924 2489 1130 2585 adeptionem
1159 2487 1265 2557 civilis

220 2645 234 2675 ιι
252 2619 417 2712 pontatica,
431 2616 560 2714 pejores
572 2630 648 2686 sunt
660 2611 807 2686 moribus
820 2613 981 2686 aliorum.
998 2617 1162 2686 Nesciunt
1174 2620 1263 2686 eninr

219 2773 233 2804 ι
255 2739 333 2814 tales
338 2743 502 2840 fortunas
507 2745 616 2839 ferre.
638 2776 651 2806 ιι

267 2871 304 2942 3⁰
322 2875 372 2942 Ex
393 2886 494 2969 parte
509 2871 655 2970 popuii,
673 2875 735 2967 qui
751 2871 888 2943 facilius
907 2870 1038 2958 obedit,
1059 2871 1088 2944 si
1105 2868 1263 2944 haercdi·

125 3074 127 3079 ,
214 3014 284 3070 tete
317 3000 354 3070 in
388 2998 690 3070 consuetudinem
722 3024 894 3070 conversa
920 3015 972 3071 est
996 2997 1061 3070 uni
1088 3003 1264 3098 prosapiae

213 3123 429 3198 obedientia.

262 3259 335 3328 Nec
349 3261 432 3328 satis
444 3273 497 3330 est
510 3256 662 3330 delinire
677 3283 696 3328 e
711 3283 782 3356 qua
800 3261 964 3356 prosapia
980 3281 1040 3328 rex
1060 3256 1263 3329 sumendus

214 3385 275 3475 sit;
302 3413 456 3487 persona
476 3413 626 3486 quoque
643 3387 840 3460 definiatur
866 3402 1024 3486 oportet,
1043 3414 1088 3458 ne
1108 3387 1147 3458 in
1166 3392 1262 3484 regia

200 3511 337 3606 domo,
352 3532 388 3587 et
408 3517 493 3587 inde
511 3521 550 3587 in
570 3514 812 3616 popu10,lites
826 3519 1005 3604 oriantur,
1023 3515 1051 3586 si
1072 3515 1263 3611 ignoretur

143 3693 149 3710 .
214 3650 296 3742 qnis
312 3673 353 3718 ex
375 3643 442 3716 hnc
464 3661 537 3717 tota
559 3645 697 3717 familia
719 3649 886 3743 regnanti
907 3642 1102 3717 succedere¹
1121 3642 1261 3718 debeat.

214 3775 287 3847 Nec
302 3773 374 3845 ulia
390 3778 428 3845 in
441 3799 482 3845 co
494 3771 708 3846 definiendo
725 3771 919 3845 difficultas
940 3788 990 3844 cst
1007 3800 1013 3842 :
1029 3805 1042 3834 ιι
1056 3774 1148 3845 Nam
1163 3777 1192 3843 si
1207 3773 1263 3844 ‹ti-

220 3936 234 3966 ιι
254 3908 364 4001 pnitns
378 3907 471 4000 repta
486 3927 550 4001 per
561 3898 786 3974 hereditatem
806 3899 1087 3999 transferaturad
1107 3916 1262 4001 posteros,

220 4061 235 4093 ιι
255 4047 381 4130 oportet
397 4057 472 4102 eam
488 4030 671 4128 transferre
688 4035 722 4102 in
730 4029 834 4130 filios,
850 4034 932 4130 qnia
945 4029 1124 4102 secundnm
1141 4029 1264 4100 lincam

221 4190 235 4220 ι
255 4163 555 4257 consarrpninitatis
581 4157 652 4258 fita·
677 4154 869 4257 parentibus
899 4162 1046 4230 arctiore
1077 4171 1152 4227 snut
1181 4181 1265 4228 con·

221 4320 234 4348 ιι
248 4293 373 4388 juncti.
396 4325 410 4354 ιι

1144 4409 1156 4426 n

1143 4431 1159 4463 ὐ
