3124 5056
728 495 923 560 ...66-

358 702 372 735 u
395 671 532 768 Oportet
554 685 667 742 autom
692 669 791 742 talem
817 671 1011 766 dionitutem
1039 676 1146 767 ntoqis
1171 670 1353 775 trondem

308 798 389 870 uod
421 796 587 870 musenius
615 823 717 898 quom
743 801 790 870 cd
806 799 989 895 suminus,
1007 805 1087 896 quin
1113 799 1279 870 moscuius
1304 813 1351 870 est

307 955 322 986 ιι
333 924 484 1020 foemina
507 929 635 996 ratione
651 933 876 1025 prestantior,
892 927 990 998 corde
1009 933 1204 1013 animosior,
1220 933 1352 1026 possiu-

307 1085 321 1117 ιι
340 1080 423 1126 num
441 1060 551 1126 minus
566 1062 739 1128 insecutor.

357 1215 372 1248 ιι
393 1187 487 1256 Inter
503 1186 666 1258 musculos
681 1203 793 1258 cutem
809 1203 935 1286 oportet
953 1185 1052 1257 toiem
1073 1188 1264 1284 dionitotem
1288 1193 1350 1258 tri-

307 1347 321 1378 ι
344 1311 443 1386 iruere
457 1322 564 1413 mnqis
575 1321 799 1416 primoqenito
810 1342 915 1416 quom
930 1317 1015 1402 aliis,
1028 1323 1120 1416 quio,
1130 1331 1166 1387 ut
1181 1285 1352 1388 artritic-

306 1441 480 1543 ssopirus,
506 1449 541 1516 in
564 1444 691 1545 poiitt'is
718 1445 808 1516 docet
823 1449 975 1544 juniores
999 1442 1179 1520 senioribus
1204 1441 1346 1517 obedire.

305 1602 320 1641 ι
341 1573 429 1659 imo,
448 1579 527 1672 orsio
546 1590 644 1674 poter
652 1571 728 1673 piris
746 1579 969 1649 communiter
983 1579 1221 1673 primoyenitoc
1234 1572 1350 1671 diiiqit,

306 1731 320 1762 ιι
341 1717 379 1771 ut
398 1707 504 1800 ntnqis
521 1707 563 1772 sit
577 1728 668 1773 curce
684 1708 754 1800 rcqi
770 1705 809 1772 cie
829 1699 916 1774 bono
941 1708 1046 1798 reqni,
1068 1702 1197 1801 expedit
1210 1715 1351 1773 statuere

305 1862 320 1894 ι
342 1855 483 1928 reqnum
510 1832 682 1903 succedere
694 1837 931 1932 primoyenito,
948 1848 986 1902 ut
999 1847 1097 1930 poter
1109 1829 1267 1930 ompiiori
1285 1831 1351 1901 soi-

305 1991 319 2022 «
342 1961 512 2032 licitudine
528 1977 622 2034 curet
640 1961 781 2034 debono
799 1968 903 2060 requi,
925 1967 1029 2034 iniens
1049 1967 1157 2061 ipsum
1175 1967 1351 2060 peruenire

306 2119 322 2153 ιι
342 2093 390 2163 od
398 2091 517 2191 filium
531 2090 606 2191 pius
622 2091 790 2165 dilectum.
814 2128 828 2158 »ι

352 2223 387 2292 Si
402 2221 484 2317 quis
498 2237 617 2292 autern
636 2221 674 2292 in
694 2221 902 2294 succedenti
921 2220 996 2294 iiiio
1014 2237 1105 2296 esset
1118 2222 1292 2309 defectus,
1309 2241 1351 2294 ut

302 2365 424 2420 mente
446 2363 509 2418 eut
532 2347 656 2419 animo
679 2349 755 2448 ipsc
778 2353 900 2420 minor
918 2366 1023 2438 esset,
1045 2348 1090 2420 ed
1114 2346 1212 2420 iilius
1228 2348 1351 2420 deiec-

301 2491 381 2550 tum
401 2473 634 2577 suppleretur
650 2503 716 2576 per
731 2479 907 2576 sopientes
921 2477 1001 2548 iilos
1019 2476 1225 2578 probosque
1243 2480 1348 2564 viros,

307 2638 322 2671 ι
343 2632 427 2706 qrros
440 2623 597 2709 tunquam
617 2633 735 2680 monus
750 2624 782 2679 et
797 2606 909 2680 ocuios
926 2605 1021 2679 debet
1038 2604 1103 2680 riti
1123 2612 1233 2678 resin
1251 2611 1352 2678 socie·

306 2766 321 2797 ιι
344 2751 408 2807 tote
423 2738 645 2834 conjunctum
664 2771 678 2801 ι
697 2753 731 2807 et
745 2741 869 2807 minus
884 2735 970 2806 inde
983 2733 1192 2833 reipublice
1205 2735 1352 2833 pericn-

301 2863 394 2953 lum,
418 2863 530 2962 quum
554 2869 583 2938 si
608 2865 760 2966 ancipiti
785 2859 963 2937 electione
989 2881 1023 2936 et
1049 2863 1348 2938 contendentium

302 2991 439 3064 invidia
457 2997 496 3066 in
515 2993 710 3066 discordias
724 2994 846 3066 civiles
861 2993 1114 3065 adduceretur.

351 3119 449 3192 Nihil
470 3121 601 3194 melius
618 3148 783 3219 unquam
808 3147 877 3208 nec,
897 3121 1029 3192 rectius
1052 3146 1118 3219 pro
1139 3116 1350 3191 haereditute

300 3254 401 3346 regni
418 3249 558 3321 dictum
574 3248 689 3322 fuisse
702 3269 892 3351 putemus;
912 3275 979 3322 nec
996 3249 1043 3322 eb
1061 3249 1138 3320 uilo
1156 3263 1346 3320 autentum

299 3378 514 3477 simpliciter
530 3373 597 3478 pro
610 3380 734 3450 eedem
752 3378 983 3452 defendenda
996 3393 1204 3477 pugnatum
1217 3376 1347 3451 fueret.

300 3509 370 3578 Pro
380 3504 587 3580 haereditate
599 3508 732 3581 scilicet
743 3504 1348 3582 steterantiohannesSnlisberien·

299 3633 347 3706 sis
371 3649 406 3708 et
433 3636 648 3710 Vincentius
672 3637 929 3710 Belloveccnsis
944 3635 1171 3734 (quenquam
1190 3633 1236 3706 dc
1255 3630 1349 3704 eiec-

299 3766 406 3834 tionis
433 3765 676 3838 incommodis
702 3791 895 3862 nunqnam
927 3764 1260 3864 disceptaverunt),
1285 3759 1346 3834 scd

299 3913 338 3960 eu
353 3891 576 3981 conditione,
598 3909 638 3964 ut
656 3919 756 3991 reges
774 3893 906 3992 pietate
919 3908 955 3963 et
965 3892 1104 3988 justitia
1118 3888 1219 3986 digni
1234 3907 1350 3962 essem

298 4021 362 4112 qui
378 4041 534 4116 regnum
557 4017 638 4092 filiis
660 3999 955 4110 transmitterent,
972 4035 1007 4092 et
1029 4017 1094 4090 filii
1114 4020 1182 4116 ipsi
1200 4033 1349 4116 potrum

166 4181 174 4196 ι
298 4124 546 4220 Ηωιεᾶἰῑαῑεῃι
570 4146 700 4222 iisdem
729 4148 925 4222 virtutibus
953 4162 1197 4234 mererentur3
1223 4149 1271 4216 ite
1296 4163 1347 4233 ut,

298 4297 376 4346 non
397 4278 435 4347 in
453 4276 673 4380 populorum
693 4275 903 4368 utilitatem,
920 4275 1039 4350 sedin
1058 4273 1225 4350 divinem
1246 4275 1349 4374 prin·
