3124 5056
629 463 822 526 ...45-

213 671 228 703 u
250 643 438 712 consemuri
454 665 522 710 non
535 653 656 737 potest,
672 643 717 708 ita
731 662 799 708 non
815 633 967 710 subditur
980 643 1014 708 in
1028 651 1191 737 quantum
1207 635 1253 706 ad

213 801 227 833 u
249 769 326 856 hoe,
351 769 441 868 quod
453 793 520 841 non
532 773 635 866 possit
648 765 747 839 iibere
766 773 1020 840 matrimonium
1036 765 1248 854 contrahere,

213 930 227 962 u
247 904 348 970 etiam
361 899 497 970 domino
514 902 674 968 nesciente
687 911 746 966 aut
760 897 1015 968 contradicente.
1036 929 1050 959 n
1150 929 1164 958 ιι
1186 899 1254 967 Do

213 1034 361 1099 «minus
386 1029 551 1126 coqendus
577 1042 623 1098 est
652 1052 694 1097 ne
721 1052 853 1110 seruum
880 1027 1000 1098 vendat
1027 1023 1135 1098 taliter
1165 1026 1256 1127 quod

213 1187 227 1219 u
236 1157 352 1249 faciat
365 1180 464 1256 opero
480 1159 688 1227 matrimonii
698 1160 868 1252 qrauiora.
889 1189 904 1220 η

258 1289 321 1375 At,
361 1290 390 1360 si
420 1290 605 1358 mitiorem
634 1282 710 1357 haec
737 1267 948 1358 servitutem
976 1285 1133 1375 faciunt,
1175 1311 1252 1357 non

207 1413 341 1487 tollunt
366 1431 505 1502 tanrcn3
528 1414 619 1486 etde
643 1417 718 1486 istis
731 1412 777 1485 ab
789 1413 930 1510 AEgidio
950 1412 1045 1486 nihil
1068 1418 1250 1512 praescrip·

207 1557 286 1615 tum
317 1543 425 1616 fuisse
447 1542 654 1615 notandum
671 1557 733 1614 est.
760 1544 813 1613 De
832 1540 1094 1614 distribuendis
1114 1546 1252 1642 quippe

207 1676 305 1744 inter
329 1697 447 1745 servos
470 1671 616 1761 officiis,
648 1695 723 1769 quo
739 1670 869 1742 melius
886 1675 952 1743 ista
970 1670 1251 1770 adimpleantur,

208 1798 302 1872 etde
316 1825 504 1873 servorum
519 1804 668 1886 vestitu,
693 1823 767 1897 quo
781 1799 893 1871 modo
907 1798 953 1870 ad
968 1802 1132 1896 ipsorum
1144 1825 1252 1872 usum

206 1927 313 2000 etad
340 1930 555 2028 dignitatem
583 1929 722 2002 domini
744 1929 854 2002 simul
879 1928 1066 2017 referatur,
1094 1927 1250 2017 disse1·it;
1358 1930 1367 1940 “

206 2058 268 2130 sed
293 2059 339 2131 de
364 2060 577 2134 clementius
600 2057 776 2132 habendis
799 2057 913 2158 ipsius
936 2056 1080 2130 domini
1108 2057 1253 2132 utilitati

208 2184 337 2276 fidere,
362 2193 540 2260 neceerti
566 2213 613 2259 ne
632 2192 704 2259 sint
723 2186 961 2258 dominorum
985 2189 1148 2285 imperiis
1161 2184 1251 2260 fines

208 2340 336 2388 curare
350 2316 505 2388 videtur.

256 2445 298 2515 In
312 2467 385 2514 una
401 2469 439 2514 re
457 2441 501 2514 ab
517 2440 708 2514 Aristotele
719 2439 863 2530 differt,
877 2444 915 2512 in
928 2465 971 2511 eo
983 2441 1136 2531 scilicet,
1152 2443 1253 2540 quod

205 2568 448 2674 Philosophus
467 2572 634 2670 populos,
655 2595 747 2667 qnos
761 2569 935 2640 barbaros
953 2585 1073 2660 vocat,
1089 2570 1134 2641 ad
1147 2576 1254 2644 servi-

203 2703 299 2770 tium
333 2713 435 2770 natos
473 2696 664 2770 contendit
691 2712 725 2768 et
755 2702 792 2768 in
828 2694 975 2768 eosdem
1005 2697 1149 2794 justum
1179 2725 1252 2772 esse

203 2851 314 2898 omne
341 2825 482 2898 bellum
507 2824 670 2924 profiteri
683 2824 840 2923 videtur,
865 2825 958 2895 utin
974 2822 1134 2898 debitam
1148 2831 1252 2900 servi·

204 2969 355 3026 tutema
375 2953 586 3027 melioribus
605 2952 835 3050 redigantur3
864 2950 940 3024 haec
966 2970 1091 3024 autem
1114 2961 1252 3056 respuit

203 3099 334 3173 noster,
355 3101 390 3156 et
404 3083 565 3180 singulos
578 3098 720 3154 tantum
736 3080 923 3171 homines,
948 3097 984 3154 at
1001 3107 1076 3156 non
1100 3087 1251 3156 univer·

131 3193 139 3211 ’
201 3237 285 3282 sum
316 3238 540 3309 quemquam
577 3212 777 3312 populum,
813 3211 859 3282 ad
883 3219 1093 3284 servitutem
1120 3226 1249 3286 natum

201 3341 385 3439 praedicat.
415 3387 464 3398 —-
491 3347 608 3416 Pauca
639 3356 787 3414 tantum
817 3339 896 3412 haec
926 3341 967 3412 in
1005 3341 1153 3432 meliuS,
1186 3341 1249 3415 sed

201 3468 320 3566 aliqua
337 3473 485 3565 tamen(
510 3471 534 3565 ).

239 3719 274 3789 (t)
293 3723 353 3772 Cum
366 3720 460 3787 AEgidio
469 3729 492 3770 et
501 3721 622 3788 Aquinate
633 3720 749 3772 consentit
764 3720 874 3770 Oekam:

238 3831 252 3856 ι
264 3810 358 3877 Religio
369 3811 504 3862 Christiana
519 3827 533 3860 a
544 3811 659 3862 servitute
671 3811 791 3862 neminem
808 3808 912 3860 liberat:
925 3825 982 3876 ergo
995 3809 1015 3860 si
1026 3797 1092 3878 Papa
1105 3818 1161 3860 ante
1172 3815 1249 3878 Papa·

200 3909 251 3950 tum
269 3901 299 3951 sit
322 3899 443 3965 subjectns
464 3900 620 3965 imperatori,
636 3909 742 3950 remanet
761 3901 901 3966 imperatori
920 3899 1040 3964 subjectus
1059 3909 1082 3949 et
1097 3915 1191 3972 ¹stercus,
1205 3900 1251 3950 nisi

200 3989 330 4057 imperator
343 3989 478 4038 libertatem
494 3997 517 4038 et
531 3989 704 4039 immunitatem
716 3991 738 4038 ei
752 3989 902 4042 concesserit.
919 3989 965 4040 Sed
980 3987 1069 4039 diceret
1082 3988 1169 4054 eliquit
1185 3988 1250 4054 quod

200 4095 291 4142 servus,
303 4087 358 4128 ante
375 4083 489 4146 Papatum
506 4087 649 4146 anrtmptus,
666 4079 691 4128 in
708 4079 813 4130 levorem
825 4079 964 4130 Christiana
978 4078 1098 4144 religionis
1111 4077 1250 4128 liberatura

149 4174 153 4183 “
200 4169 328 4233 servitute,
345 4176 368 4219 ct
386 4169 457 4218 etiarn
474 4167 504 4217 ab
516 4169 581 4218 omni
594 4167 752 4234 subjectione,
764 4169 918 4218 sicut'servus
931 4167 1006 4218 tacius
1022 4165 1148 4234 Presbyter
1162 4181 1176 4214 a
1196 4181 1250 4216 ser·

201 4256 282 4312 vitute.
296 4286 326 4296 -
338 4259 504 4326 Respondetur
517 4259 581 4325 quod
592 4259 616 4308 iu
625 4258 729 4308 levorem
741 4241 854 4309 Ecclesia
871 4257 930 4307 nihil
943 4257 1058 4322 injustum
1075 4255 1147 4307 statui
1159 4255 1248 4320 debet,
