3124 5056
675 463 919 532 .··-bl·-·

353 643 408 715 De
422 639 631 742 reipublicae
644 625 774 732 forma,
790 640 829 712 id
843 655 894 714 est
908 637 954 715 de
966 653 1152 740 potestate,
1166 636 1348 712 disseren-

302 767 418 859 tibus,
445 779 561 869 prima
585 768 662 844 haec
689 774 840 868 quaestio
863 767 1048 842 tractanda
1075 783 1149 842 e'ssa
1176 765 1344 840 videtur:

305 897 399 968 Unde
419 914 560 998 potestas
582 904 667 970 iuter
687 896 833 970 homines
854 897 1008 970 oriatur?
1038 895 1203 969 Primum
1236 895 1348 990 igitur

301 1049 509 1122 quaeramus
537 1025 629 1121 quid
656 1025 702 1098 de
727 1026 787 1096 illa
814 1051 853 1098 re
879 1023 1032 1106 senserit
1054 1040 1193 1110 noster3
1222 1039 1275 1111 et,
1301 1021 1347 1094 ad

302 1151 554 1224 illustrandam
577 1155 655 1250 ejus
674 1158 900 1240 senteutiam,
923 1151 1211 1251 praecedentium
1231 1150 1348 1222 medita

302 1285 404 1352 utatis
418 1285 639 1378 scriptorum
653 1281 847 1354 sententias
866 1279 1039 1352 brevibus
1056 1277 1171 1352 verbis
1190 1293 1348 1376 expona-

304 1437 399 1508 mus,
414 1410 459 1482 ad
475 1411 636 1508 aliosque
653 1411 766 1511 ipsius
786 1409 909 1498 libros,
927 1415 956 1484 si
978 1408 1128 1507 quando
1148 1423 1205 1482 ret
1222 1424 1349 1508 postu-

304 1537 372 1628 lat,
390 1540 648 1616 discurramus.
888 1642 891 1646 ¹
1205 1623 1208 1628 ,

353 1672 496 1740 Justam
522 1686 732 1768 potestatem
753 1669 919 1743 violentia
943 1684 979 1740 et
994 1672 1028 1740 vi
1053 1666 1225 1740 constitui
1248 1691 1348 1766 posse

306 1797 469 1893 neganti,
485 1795 642 1870 duarum
663 1797 708 1870 de
735 1802 917 1878 Potestatis
930 1801 1070 1894 origiue
1086 1797 1349 1870 sententiarum
1387 1789 1390 1795 ⁵

305 1899 475 1996 alterutra
502 1923 667 2024 eligenda
686 1940 764 2000 est:
793 1929 1060 1998 Dominatiouis
1084 1924 1348 2023 principluma
1385 1953 1389 1960 ·

307 2053 473 2152 populari
498 2081 690 2144 consensu,
710 2071 808 2127 aute
822 2055 944 2128 diviua
959 2052 1164 2142 voluntate,
1194 2052 1349 2126 deducat

305 2199 460 2279 oportet.
492 2185 634 2279 Harum
662 2187 883 2283 opinionum
917 2182 1018 2280 prior
1047 2181 1145 2280 apud
1178 2186 1349 2278 antiquos

305 2310 450 2406 vulgata
477 2312 562 2400 fuit,
592 2312 704 2386 altera
734 2329 856 2384 autem
882 2309 1101 2384 Christianae
1128 2308 1214 2382 fidei
1247 2317 1349 2408 quasi

307 2443 451 2540 propria
470 2455 533 2512 est.
562 2444 690 2533 Quum
704 2440 804 2514 euim
838 2473 852 2504 a
871 2465 1004 2512 omnam
1018 2441 1215 2512 Potestatem
1235 2464 1257 2508 a
1275 2439 1350 2510 Dea

311 2594 412 2638 nesse
429 2602 442 2630 ἰ
462 2585 496 2639 et
520 2601 534 2632 a
547 2596 609 2667 per
634 2572 748 2640 Deum
772 2594 862 2665 rapas
887 2578 1027 2664 requam
1047 2601 1061 2632 a
1087 2570 1184 2640 Sacri
1202 2564 1351 2638 Codices

306 2691 585 2782 affirmaverint,
604 2701 802 2767 necessario
819 2695 907 2767 inde
922 2693 1090 2792 quaedam
1104 2695 1149 2765 de
1165 2697 1349 2793 potestatis

306 2824 445 2914 origiue
458 2820 623 2893 doctriua
641 2841 722 2894 nata
743 2841 811 2912 est,
830 2849 927 2922 quae,
941 2818 1032 2922 juris·
1045 2825 1165 2894 Divina·
1175 2822 1288 2908 dicta,
1309 2822 1350 2892 in

308 2949 441 3019 uostris
454 2950 527 3020 fere
545 2953 775 3051 temporibus
789 2979 808 3024 a
828 2953 1012 3024 Bossuetio
1026 2951 1157 3023 clarius
1173 2950 1348 3048 illustrata

308 3094 379 3162 est,
404 3079 465 3149 sed
495 3106 577 3176 quae
605 3080 679 3176 jam
712 3083 747 3152 iu
778 3085 906 3179 primis
920 3079 1085 3152 Ecclesiae
1111 3077 1350 3178 scriptoribus

307 3225 474 3306 apparet,
489 3213 527 3278 iu
555 3209 780 3282 transeundo
802 3209 953 3308 quidem
974 3213 1078 3306 quasi
1097 3207 1267 3297 delibuta,
1282 3231 1351 3278 uec

308 3340 345 3405 in
374 3335 531 3443 propriis
550 3337 596 3408 de
622 3363 660 3408 re
684 3336 831 3436 politica
866 3337 967 3410 libris
1003 3343 1149 3437 penitus
1184 3351 1349 3423 tractata,

230 3493 237 3505 ’
307 3463 370 3534 sed
399 3465 477 3560 jam
501 3481 597 3536 certa
625 3482 746 3536 tamen
778 3482 813 3537 et
845 3466 938 3538 bene
970 3466 1138 3537 distincta
1161 3467 1223 3558 (ι).
1269 3466 1351 3534 Mox

307 3613 431 3666 autem
462 3596 500 3666 in
534 3595 775 3693 peculiaribus
807 3596 909 3668 libris
938 3588 977 3668 ¹se
1007 3594 1181 3696 axplloat,
1211 3591 1350 3690 etjam

306 3727 408 3801 circa,
441 3749 582 3796 annum
630 3744 859 3798 uuectxxutv
899 3730 939 3796 in
975 3726 1213 3798 Admonitione
1244 3725 1351 3812 Hima-

307 3863 411 3940 mari,
445 3857 611 3925 flamensis
642 3857 811 3954 Episcopi,
838 3855 884 3924 ad
914 3854 1178 3925 carolomanum
1220 3874 1350 3950 repam,

344 4076 376 4138 (l)
395 4080 494 4126 Sanctus
513 4076 658 4146 pagustinus
673 4074 725 4146 (De
746 4075 925 4146 civitatensi).
938 4108 971 4117 -
984 4079 1146 4128 Tertullianus
1160 4075 1351 4146 (Apologetica).

309 4195 344 4206 -
353 4165 481 4216 cottas-tos
495 4165 675 4228 (Mariamme,
692 4175 770 4220 tomus
783 4173 813 4234 Ξ,
826 4169 900 4223 tanati
913 4169 1033 4224 Ambrosii
1045 4167 1153 4222 etaaucti
1166 4167 1272 4238 Gregorii
1286 4181 1353 4238 papo

310 4255 445 4328 Epistola).
