3124 5056
698 1154 826 1238 tntu
857 1153 1053 1236 TERTIUS.

592 1513 657 1577 DE
687 1511 951 1576 REGIMINE
984 1511 1158 1576 REGNI.

331 2135 333 2138 ¹
377 2151 381 2164 '
401 2155 461 2237 Ut,
491 2147 690 2246 incipiente
711 2144 871 2217 secundo
890 2142 997 2233 libro,
1015 2141 1205 2216 hominem
1220 2144 1266 2216 ad
1280 2149 1394 2218 socie-

351 2292 463 2349 tatem
489 2275 635 2346 familiae
662 2289 791 2346 natum
809 2299 890 2345 esse
914 2273 1206 2345 demonstratum
1236 2290 1298 2362 est,
1324 2277 1391 2362 sic,

349 2373 550 2503 incipiente
584 2406 700 2490 tertio,
726 2401 902 2472 eumdem
924 2401 969 2472 ad
1002 2406 1210 2473 societatem
1239 2401 1393 2473 civitatis

349 2547 478 2606 natum
495 2557 569 2604 esse
588 2530 870 2604 demonstratur.
900 2525 901 2531 '

400 2785 434 2854 Si
459 2781 528 2854 sibi
555 2807 619 2881 per
649 2807 686 2853 se
712 2786 833 2880 ipsam·
858 2778 1038 2852 sufficeret
1064 2786 1212 2852 societas
1241 2779 1392 2868 domus,

264 2896 266 2900 ¹
348 2937 462 3008 quam
478 2915 559 2984 vitae
577 2910 818 2983 necessariam
834 2910 1054 3000 invenimus,
1073 2909 1174 2980 nulla
1191 2908 1260 2980 alia
1279 2913 1394 2980 socie-

333 3056 401 3112 ‚tas
437 3037 582 3109 homini
619 3055 750 3110 natura
781 3038 977 3136 quaerendn
1010 3039 1118 3128 foret3
1158 3037 1237 3125 sed,
1273 3063 1393 3134 quum

349 3169 465 3239 muita
489 3173 564 3238 sint
592 3195 674 3265 quae
699 3167 767 3239 sibi
792 3194 866 3238 una
888 3168 1022 3240 domus
1046 3167 1281 3266 suppeditare
1314 3193 1393 3237 non

349 3295 480 3394 possit,
499 3294 585 3366 inde
600 3295 641 3367 fit
662 3301 776 3384 vicus,
798 3295 964 3394 plurium
983 3296 1181 3368 domorum
1207 3293 1394 3368 conso'cin-

307 3461 317 3480 ,.
349 3427 459 3511 tione,
475 3427 511 3494 in
529 3422 823 3522 supplementum
842 3448 971 3496 earum
996 3450 1119 3496 rerum
1141 3417 1275 3520 quibus
1293 3447 1395 3518 quae·

349 3577 421 3648 que
436 3551 569 3624 domus
588 3550 742 3648 indiget3
762 3568 797 3623 et
813 3551 940 3624 eadem
957 3579 1076 3642 causa,
1092 3553 1395 3624 econsociatione

350 3686 532 3770 vicorum,
556 3700 621 3752 aut
642 3682 750 3752 etiam
768 3708 809 3752 ex
829 3687 941 3753 unius
959 3681 1029 3754 vici
1044 3683 1288 3768 incrementis,
1306 3682 1394 3751 civi-

349 3825 413 3882 tas.
430 3809 561 3882 Civitas
575 3834 662 3916 ergo
681 3807 777 3880 nihil
798 3807 898 3880 aliud
916 3823 970 3882 est
993 3835 1106 3907 quam
1124 3807 1271 3882 familiae
1291 3833 1394 3879 com-

351 3937 598 4038 plementum
620 3952 667 4026 et,
690 3943 718 4008 si
744 3937 790 4009 ad
819 3942 1024 4010 societatem
1045 3937 1190 4012 familiae
1210 3953 1317 4010 natus
1339 3953 1394 4010 est

351 4067 477 4156 homo,
493 4067 539 4138 ad
560 4057 674 4166 ipsein
693 4093 842 4167 quoque
856 4074 1006 4142 civitatis
1027 4074 1233 4142 societatem
1246 4069 1393 4168 genitus
1473 4101 1479 4110 ·

350 4201 396 4271 sit
407 4213 561 4301 oportet.
