3124 5056
723 413 843 480 -36
867 431 924 462 -‘

297 619 439 668 neeesse
461 605 525 681 est,
554 611 596 663 ut
623 591 778 692 perfecta
802 595 847 662 sit
871 590 1015 676 domus,
1040 591 1179 664 diversa
1204 595 1341 663 instru-

295 738 418 796 menta
442 721 588 810 laboris,
615 747 675 792 seu
701 724 870 810 animata,
892 747 955 793 seu
976 721 1185 794 inanimata.

344 850 429 920 Tria
441 848 553 945 igitur
566 853 603 918 in
621 848 800 946 regimine
812 847 1052 927 familiaesuut
1064 847 1339 938 consideranda,

294 977 484 1076 quomodo
506 977 650 1066 femina,
677 976 866 1074 quomodo
890 977 1024 1064 liberis,
1047 977 1234 1074 quomodo
1261 983 1341 1050 vitae

196 1093 198 1098 ¹
295 1105 548 1179 instrumentis
577 1104 756 1177 utendum
785 1110 840 1176 sit.

344 1233 435 1306 Inde
480 1250 551 1306 tres
586 1237 626 1304 in
658 1231 730 1306 hoc
770 1231 929 1305 secundo
965 1232 1061 1304 libro
1100 1248 1230 1334 partes.
1266 1237 1339 1306 Nec

294 1362 461 1462 pauciora
487 1368 526 1434 iu
554 1388 598 1434 eo
630 1388 741 1459 quam
770 1366 810 1432 iu
840 1361 1059 1461 praecedeuti
1086 1389 1128 1434 ex
1149 1361 1339 1436 Aristotele

293 1488 415 1563 ducta.

466 2041 592 2107 PRIMA
615 2041 712 2106 PARS
736 2067 743 2104 :
766 2046 822 2103 lie
842 2045 1017 2118 regimine
1040 2046 1170 2103 uxoris.

339 2355 431 2443 Quae
455 2350 500 2421 dc
531 2351 675 2421 sentinis
698 2353 809 2436 sensit
830 2343 1068 2448 Philosophus,
1085 2362 1121 2420 ct
1142 2349 1186 2420 de
1212 2377 1338 2422 earum

287 2478 456 2580 partibus
471 2484 509 2550 io
528 2477 682 2566 familia,
700 2477 826 2551 eadem
846 2476 958 2548 sensit
981 2492 1113 2564 noster,
1129 2479 1254 2578 paucis
1274 2479 1339 2551 ad·
1380 2491 1383 2498 '

285 2606 425 2703 junctis
448 2634 529 2704 quae
550 2633 569 2677 e
590 2603 798 2678 Christiana
817 2605 993 2703 religione
1014 2604 1146 2695 hausit,
1167 2632 1243 2704 quo
1260 2633 1337 2679 rue-

289 2733 359 2804 lior
382 2737 588 2833 certiorque
611 2750 701 2808 esset
723 2761 849 2806 earum
875 2738 914 2804 in
938 2733 1051 2805 domo
1071 2733 1251 2825 conditio,
1274 2737 1337 2808 sed

291 2887 367 2934 uon
382 2889 458 2960 quo
476 2864 590 2961 major
605 2865 762 2962 dignitas
777 2881 811 2935 et
828 2867 1031 2934 auctoritas.

340 2995 431 3083 Quae
450 2998 488 3063 in
511 2991 640 3064 melius
658 2997 707 3063 ita
731 3019 751 3064 c
773 2990 978 3064 Christiana
1004 2987 1179 3088 religione
1204 2989 1337 3083 hausit,

289 3122 363 3192 fere
389 3120 435 3191 ad
466 3099 585 3190 unum
621 3117 737 3216 redigi
767 3133 932 3219 possunt,
959 3119 1093 3192 scilicet
1120 3120 1220 3217 quod
1252 3146 1339 3193 con·

286 3248 385 3345 jugia
414 3274 611 3345 uunquam
649 3247 876 3320 dissolvenda
904 3228 1188 3344 statuit,'quu1n
1211 3254 1251 3321 io
1272 3248 1337 3320 de-

289 3381 502 3449 trioreuturu
524 3402 720 3478 puerorum
749 3401 893 3476 semper
916 3391 1031 3449 vertat
1049 3393 1243 3475 parentum
1261 3375 1338 3450 dis-

289 3505 453 3595 sociatio,
480 3532 670 3603 quumque
699 3506 854 3604 perfecta
893 3501 989 3576 inter
1018 3521 1217 3602 utrumque
1245 3506 1339 3577 arui-

288 3631 368 3704 citia
391 3633 588 3707 coalescere
614 3651 786 3731 nequeat,
819 3637 889 3704 nisi
919 3634 957 3704 in
988 3648 1204 3732 perpetuum
1232 3657 1337 3703 man-

289 3787 374 3832 sura
406 3767 451 3834 sit
477 3760 577 3834 fides.
604 3763 701 3833 Hinc
725 3760 903 3861 conjugiis
931 3758 1118 3850 stabilitas,
1144 3759 1338 3832 uxoribus-

289 3915 361 3987 que
385 3891 577 3979 securitas,
604 3907 684 3961 tum
712 3908 878 3962 veterum
905 3889 1071 3961 moribus
1094 3888 1227 3980 aliena,
1255 3905 1337 3961 tum

290 4015 505 4090 Christianae
528 4016 729 4116 disciplinae
750 4042 924 4116 congrua,
949 4033 990 4102 ut
1015 4021 1054 4086 io
1075 4014 1338 4088 SummaTiieo-
1378 4037 1382 4046 ’

290 4147 397 4248 loqico
436 4146 719 4222 demonstratur.
753 4145 822 4218 Sed
861 4143 932 4216 hoc
969 4143 1074 4215 valde
1112 4145 1335 4218 animadver-
