3124 5056
748 470 937 536 ..30-

366 646 414 715 Ut
430 640 622 715 duodecim
636 624 722 714 suut
738 642 900 732 virtutes,
916 648 964 715 ita
978 643 1173 716 duodecim
1189 661 1277 718 sunt
1286 673 1363 746 pm·

314 775 434 858 tiones,
451 794 528 842 nou
551 768 654 866 quod
674 769 876 866 unicuique
894 773 1021 844 virtuti
1039 797 1104 844 sua
1122 773 1239 871 passio
1261 773 1365 845 attri-

319 873 469 986 buatur,
484 921 607 994 quum
629 922 755 974 omnes
774 905 943 997 passiones
963 925 1006 972 ex
1023 901 1187 1000 appetitu
1208 906 1362 973 smsitiuo

317 1024 498 1113 artantur,
513 1023 573 1098 sed
587 1025 687 1121 quod
700 1029 746 1098 ita
762 1041 893 1100 tratura
910 1043 974 1117 est,
987 1043 1050 1100 eut
1063 1031 1184 1127 potius
1195 1027 1297 1124 quod
1311 1033 1361 1100 ita

315 1152 671 1249 AEgidiovisumAEae
684 1153 1360 1254 suntamor,odium,cupiditas,aver-

314 1285 380 1370 sio,
393 1279 567 1377 gaudium
581 1295 644 1354 aut
656 1280 857 1372 delectatio,
869 1287 1025 1373 tristitia,
1039 1307 1132 1384 spes,
1147 1283 1357 1382 desperatio,

315 1425 443 1499 metus,
464 1409 628 1500 audacia,
654 1415 719 1500 ira,
739 1411 983 1486 mansuetudo
1003 1411 1176 1508 (ejusdem
1201 1417 1359 1484 nominis

316 1560 428 1631 quam
443 1560 517 1607 una
535 1540 725 1626 virtutum,
751 1537 813 1612 sed
836 1537 1035 1613 verborum
1057 1538 1167 1611 modo
1187 1537 1358 1632 defectu).

317 1664 453 1737 Earum
482 1687 541 1734 sex
566 1667 693 1762 primae
722 1668 761 1738 in
789 1669 954 1766 appetitu
980 1661 1229 1764 cortenpiscibilt'
1252 1677 1357 1756 sunt;

316 1806 449 1868 caeterae
463 1792 502 1864 in
518 1792 688 1869 irascibili.

365 1918 423 1994 Ab
448 1943 571 1994 amore
597 1936 634 2026 et
655 1919 739 1995 odio
764 1945 893 1996 omnes
918 1921 1168 1996 deducuntur.
1195 1925 1359 2018 Cognitis

314 2072 400 2145 ergo
414 2073 497 2145 quae
512 2072 636 2144 regem
649 2073 772 2122 amare
786 2063 850 2122 aut
862 2045 979 2124 odisse
990 2050 1125 2139 deceat,
1142 2047 1244 2120 facile
1257 2049 1360 2144 diju-

314 2175 497 2250 dicabitur
512 2201 670 2273 quarum
688 2203 810 2250 rerum
836 2178 950 2274 gratia
966 2177 1126 2276 aliquem
1147 2181 1262 2254 animi
1281 2201 1359 2247 mo·

313 2321 394 2377 tum
412 2305 451 2376 in
467 2329 503 2376 sc
516 2302 708 2377 admittere
724 2303 865 2379 debeat.

363 2435 392 2506 E
412 2432 483 2530 fine
508 2447 632 2506 autem
655 2436 732 2528 regi
752 2438 953 2532 proposito,
976 2438 1015 2508 in
1038 2449 1220 2531 quantum
1242 2433 1359 2510 homo

314 2577 383 2650 est,
398 2577 433 2634 et
451 2587 471 2632 e
488 2559 680 2635 virtutibus
703 2560 823 2656 regiis,
848 2559 1041 2658 colligitur,
1061 2587 1144 2658 quae
1160 2588 1281 2636 amore
1296 2576 1359 2634 aut

315 2687 398 2764 odio
417 2693 595 2787 principis
614 2687 724 2783 digna
742 2691 824 2760 sint.
842 2691 969 2780 Quum
990 2688 1036 2760 ad
1053 2705 1227 2762 aeternam
1241 2689 1359 2762 felici-

315 2833 426 2888 tatem
441 2813 552 2887 homo
567 2829 674 2886 natus
691 2820 748 2904 sit,
766 2830 801 2886 et
816 2815 954 2915 publici
970 2817 1152 2891 commodi
1172 2843 1277 2901 causa
1295 2842 1359 2890 rex

315 2946 353 3016 in
381 2944 591 3044 principatu
621 2949 666 3016 sit
692 2949 919 3034 constitutus,
948 2948 1069 3018 Deum
1096 2950 1296 3044 praesertim
1323 2961 1359 3016 et

314 3073 500 3174 publicam
528 3072 719 3143 utilitatem
741 3073 895 3159 amabit,
918 3090 954 3144 et
974 3074 1060 3144 inde
1082 3079 1203 3146 omnia
1226 3073 1356 3162 oderit,

314 3228 397 3298 quae
415 3205 538 3300 pietati
553 3226 634 3297 erga
649 3203 766 3270 Deum
789 3216 852 3271 aut
866 3200 1022 3299 publicis
1043 3201 1246 3274 commodis
1265 3225 1357 3272 con·
1391 3231 1393 3236 ’

314 3333 426 3400 traria
452 3345 547 3400 sunt.
579 3326 688 3399 Nulla
715 3353 801 3424 ergo
830 3326 1065 3417 aversabitur,
1093 3328 1267 3426 sperabit,
1294 3342 1358 3398 aut

315 3473 471 3544 metuet;
493 3452 603 3526 nullis
624 3459 664 3525 in
686 3455 867 3525 tristitiam
894 3470 957 3526 aut
973 3455 1145 3553 gaudium
1169 3481 1206 3527 se
1228 3453 1357 3524 induci

215 3571 217 3576 ¹
313 3589 417 3677 sinet,
433 3589 503 3659 nisi
521 3585 566 3658 ad
578 3587 646 3655 Dei
660 3583 801 3657 cultum
819 3583 942 3656 autad
960 3584 1145 3683 publicam
1162 3582 1355 3656 utilitatem

313 3719 493 3803 intererit;
508 3730 543 3786 et
557 3727 706 3787 eatenus
721 3728 868 3784 tantum
883 3711 926 3782 iis
940 3711 1162 3803 movebitur,
1175 3737 1248 3808 qua
1263 3735 1357 3808 prae-

312 3840 418 3918 dictis
432 3841 631 3916 virtutibus
647 3843 847 3915 conveniet.

363 3967 471 4043 Nulla
487 3970 598 4067 igitur
614 3992 708 4038 nova
732 3966 778 4037 de
792 3965 1007 4066 'principum
1029 3965 1159 4040 officiis
1180 3977 1358 4064 praeapte

313 4125 356 4174 ex
380 4095 450 4170 hac
475 4098 712 4196 inquisitione
732 4101 923 4195 passionum
948 4111 1033 4168 sunt
1056 4095 1185 4184 ducta;
1209 4117 1357 4166 neceas

314 4230 502 4324 inquirere
519 4195 807 4326 operaepretium
822 4238 914 4312 erat3
927 4237 968 4294 ut
979 4221 1074 4296 bene
1088 4227 1200 4296 sensit
1215 4219 1357 4294 Aristo-
