3126 5058
731 509 985 580 -22--'

263 855 270 866 N
361 769 395 840 Si
414 768 584 863 magistro
598 781 633 836 et
645 762 825 866 discipulo
846 766 996 857 eredas,

450 945 542 1002 Virtus
553 951 595 1002 est
606 945 725 1002 medium
736 945 862 1002 vitiorum
874 951 901 1002 et
909 947 1036 1018 utrinque
1049 947 1200 1007 reductum.

307 1114 359 1183 De
376 1137 525 1209 quaque
537 1112 670 1185 virtute
692 1111 805 1208 igitur
822 1111 1147 1186 demonstrandum
1167 1132 1219 1188 est
1233 1116 1348 1215 qualis

307 1239 352 1312 sit
375 1255 410 1311 et
428 1245 524 1312 inter
543 1265 624 1336 quae
641 1239 724 1311 vitia
746 1243 927 1312 consistat.
1020 1243 1022 1249 '

359 1409 402 1475 ln
415 1403 602 1477 Aristotele
622 1421 745 1476 tamen
763 1403 809 1474 de
823 1402 904 1475 solis
921 1409 958 1476 in
972 1406 1135 1504 appetitu
1151 1407 1349 1482 virtutibus

308 1527 379 1603 hoc
395 1533 531 1603 dieturn
552 1548 616 1604 est.
634 1535 780 1604 Necesse
794 1535 892 1601 enim
913 1546 977 1620 est,
995 1547 1036 1602 ut
1057 1537 1097 1603 in
1120 1559 1266 1634 quaque
1289 1537 1348 1608 oc-

216 1704 219 1708 ·
307 1663 450 1730 cesione
466 1657 585 1756 aliqua
604 1664 648 1730 sit
665 1663 781 1730 virtus
796 1683 878 1755 quae
892 1655 990 1729 inter
1007 1676 1163 1732 extrema
1182 1663 1348 1734 medium

251 1809 254 1814 ·
305 1784 505 1884 dijudicet,
532 1802 567 1858 ct
591 1784 668 1856 haeo
694 1787 809 1856 virtus
834 1801 888 1855 est
909 1785 1119 1858 Prudentia.
1147 1788 1346 1860 Prudentia

304 1915 417 2008 igitur
442 1913 612 2015 (φρόνησις)
639 1912 795 2009 perfecta
822 1915 915 1980 ratio
941 1928 1015 1998 est,
1042 1927 1145 1984 rectae
1170 1914 1345 1987 voluntati

280 2039 516 2136 conjuncta,
542 2045 581 2111 in
606 2061 753 2136 quaque
780 2037 908 2134 agendi
929 2039 1117 2110 occasione
1138 2041 1345 2138 dijudicans

302 2167 395 2264 quid
407 2172 452 2240 sit
465 2168 605 2238 bonum
619 2181 655 2238 et
670 2166 768 2237 utile.

352 2335 380 2404 A
398 2337 551 2405 Scientia
568 2329 807 2430 distinguitur
820 2329 922 2427 quod
937 2326 983 2402 de
1001 2333 1138 2428 siapulis
1160 2348 1195 2404 et
1210 2340 1343 2406 contin-

223 2433 228 2442 1
301 2459 451 2560 peraridus
465 2465 525 2548 sit,
541 2483 617 2530 non
635 2474 758 2531 autern
772 2457 819 2529 de
833 2453 1071 2529 universalibus
1084 2474 1114 2529 et
1136 2467 1343 2549 accersente

299 2585 346 2659 ab
358 2591 443 2661 Arte
458 2609 583 2658 rursus
595 2599 630 2657 et
646 2585 806 2674 Solertia,
822 2583 923 2681 quod
938 2597 1043 2656 rectae
1056 2583 1236 2660 voluntati
1253 2615 1342 2662 eon-

295 2713 405 2813 jungi
420 2713 559 2802 debeat,
574 2739 594 2782 a
611 2737 684 2809 qua
698 2709 768 2782 illae
781 2709 940 2808 separari
954 2725 1117 2809 possunt.

348 2881 430 2952 Non
458 2875 527 2948 alia
553 2873 703 2972 quidem
729 2874 768 2944 in
793 2875 977 2970 Aquinate
1001 2889 1037 2944 et
1063 2877 1104 2946 in
1123 2875 1265 2974 AEgidio
1290 2897 1341 2952 est
1363 2917 1381 2966 ρ
1445 2935 1447 2940 ,

296 3003 501 3078 Prudentiae
523 2999 689 3074 definitio
697 3032 706 3090 3
734 3001 796 3073 sed
820 2997 917 3073 hanc
935 3025 1081 3096 quoque
1105 3005 1276 3076 virtutem
1299 3007 1339 3078 iu

295 3131 459 3228 quodam
472 3129 592 3202 medio
610 3127 801 3202 consistere
813 3141 955 3225 putant.

351 3367 365 3396 ι
384 3334 543 3406 Virtutes
556 3350 640 3404 sunt
650 3333 854 3404 medietates
864 3330 1044 3426 quaedam,
1058 3347 1094 3403 et
1108 3357 1185 3404 nou
1199 3332 1339 3408 hubent

299 3492 315 3526 ιι
335 3457 426 3549 fieri,
446 3465 517 3532 nisi
533 3459 626 3532 cirea
638 3445 697 3532 eas
711 3485 794 3556 quae
807 3475 894 3530 sunt
907 3459 946 3530 in
960 3473 1133 3558 potestate
1148 3477 1281 3550 nostra,
1298 3464 1337 3535 in

298 3617 315 3650 ιι
331 3587 468 3686 quibus
479 3587 582 3660 decet
597 3612 662 3660 nos
684 3611 818 3686 ponere
835 3585 1064 3658 medietatem
1078 3584 1133 3658 vei
1149 3590 1337 3685 aequaiite-

298 3746 312 3780 ι
332 3735 425 3804 tem,
452 3741 525 3788 slve
550 3714 824 3804 rectitudine1u3
854 3713 966 3810 hujus
986 3730 1110 3785 autem
1136 3716 1238 3786 modi
1266 3724 1334 3790 tria

297 3875 311 3907 ιι
331 3859 432 3933 sunt,
457 3843 591 3914 scilicet
614 3845 786 3925 rationes,
812 3846 1012 3940 passiones,
1042 3859 1077 3914 et
1102 3844 1333 3941 operationes

296 4000 311 4032 ιι
330 3969 534 4040 exteriores.
549 3973 617 4040 Per
638 3969 791 4040 virtutes
806 3973 904 4038 enirn
924 3966 1100 4038 debemus
1118 3964 1252 4038 habere
1274 3991 1332 4036 ra-

296 4102 444 4169 atioues
468 4114 591 4184 rectas,
612 4097 791 4196 passiones
813 4097 1023 4181 moderatas,
1046 4114 1083 4168 et
1104 4099 1331 4195 operationes

295 4255 310 4288 ιι
328 4225 516 4298 exteriores
537 4241 695 4322 aequatas
711 4241 746 4296 et
760 4243 998 4297 mensuratas.
1021 4222 1231 4296 Secundum
1247 4247 1333 4321 ergo
