3126 5058
575 1325 701 1410 run
734 1275 910 1410 irruis.

485 1703 553 1770 DE
596 1704 862 1773 REGIMINE
906 1705 1004 1778 SUI.

663 2005 823 2032 4000-

418 2346 545 2412 PRllllA
565 2345 663 2412 Pars
688 2373 695 2411 ε
717 2350 771 2408 ne
791 2351 862 2408 flne
881 2351 1065 2430 principis.

268 2643 448 2720 Omnium
464 2643 660 2719 hominum
675 2645 778 2736 linis,
794 2662 836 2718 ut
847 2645 937 2718 dixit
959 2644 1186 2748 philosophus,
1206 2650 1261 2722 fe·

216 2777 331 2849 licitas
345 2792 500 2874 est‚quae
516 2781 555 2847 in
572 2773 715 2874 agendo
733 2791 882 2850 constat.
901 2781 1005 2876 Regis
1021 2782 1133 2876 igitur
1146 2778 1261 2852 finem
1266 2727 1369 2898 s

218 2912 402 3002 inquirere
415 2921 467 2977 est
485 2905 1079 3008 quaererewm.anttQtem
1094 2908 1162 2981 sibi
1180 2935 1263 3010 pro·

218 3058 355 3132 ponere
369 3031 505 3104 debeat.
521 3031 605 3102 Tria
619 3048 743 3104 autem
764 3048 850 3104 sunt
868 3032 1047 3105 felicitatis
1066 3061 1207 3134 genera,
1221 3052 1264 3107 ut

217 3162 286 3233 tria
306 3186 436 3260 genera
461 3165 557 3249 vitae,
582 3161 773 3260 voluptuosa
794 3161 942 3248 scilicet,
960 3161 1113 3262 politica,
1129 3179 1165 3235 et
1182 3190 1263 3236 con-

218 3287 429 3388 templativa:
445 3285 690 3387 voluptatibus
708 3292 817 3375 enim,
838 3293 973 3361 mutuis
996 3295 1094 3362 inter
1119 3317 1156 3361 se
1184 3289 1264 3362 offi-

219 3419 300 3505 ciis,
328 3433 389 3487 aut
417 3419 716 3516 contemplationi
748 3435 875 3488 vacent
904 3417 1074 3490 homines
1105 3437 1262 3518 oportet.

218 3549 313 3640 Ergo
330 3543 428 3616 inter
443 3542 518 3617 haec
535 3543 604 3613 tria
619 3539 767 3614 felicitas
783 3549 857 3642 regi
873 3541 1038 3644 eligenda
1055 3561 1119 3618 est.

268 3670 487 3743 Felicitatem
501 3697 521 3744 e
534 3669 718 3770 voluptate
740 3683 859 3741 natam
881 3676 1022 3770 respuit
1042 3671 1263 3762 Aristoteles,

219 3818 258 3872 ut
275 3800 398 3889 bestia,
415 3824 492 3871 non
512 3796 660 3869 homine
681 3795 843 3895 dignam
863 3799 1042 3870 Politicam
1057 3818 1092 3871 et
1108 3803 1266 3871 Contem-

215 3929 376 4030 plativum
390 3944 532 4002 tantum
545 3925 749 3999 felicitatem
763 3927 921 4018 admisit,
934 3943 1129 4026 utramque
1139 3954 1160 3999 e
1172 3927 1267 4000 bene

218 4058 372 4154 agend0‚
385 4083 449 4129 seu
462 4082 504 4129 ex
516 4061 660 4144 virtute,
675 4071 811 4144 natam,
826 4053 922 4128 hanc
936 4073 1062 4129 tamen
1077 4053 1128 4128 illi
1143 4055 1236 4154 praef
1244 4111 1250 4126 ,

220 4211 312 4276 rens,
324 4191 410 4285 quia
423 4192 461 4257 in
475 4211 574 4258 mero
586 4182 772 4257 intellectu
785 4203 850 4275 est,
863 4191 900 4256 in
913 4193 1051 4285 optima
1062 4185 1195 4258 scilicet
1205 4183 1265 4257 illa
