3124 5056
646 511 840 580 ..54-

221 681 407 756 tractanda
431 709 470 758 re
495 692 730 758 neeessariam
751 685 982 785 judicavisse,
1007 711 1117 782 quam
1143 685 1266 760 nimiae

220 814 482 886 Aristotelicum
511 812 715 888 doctrinam
743 815 910 888 tradendi
938 814 1113 913 voluptati
1142 813 1269 886 indul-

220 945 316 1012 sisse.
759 915 764 922 *
840 922 842 927 .

262 1073 324 1141 'De
339 1067 521 1170 Republica
537 1069 696 1144 Platonis
711 1076 875 1172 primum
893 1075 1023 1170 agitur.

272 1202 462 1299 Optimam
476 1223 557 1272 eam
572 1205 755 1273 civitatem
771 1205 911 1273 censuit
924 1189 1037 1292 Plato,
1054 1227 1137 1298 quae
1154 1225 1266 1300 quam

220 1329 376 1399 maxime
401 1355 473 1399 una
500 1329 610 1416 foret3
632 1326 742 1417 unde,
767 1355 814 1400 ne
835 1327 1038 1415 dissidium,
1061 1351 1179 1424 quum
1202 1353 1265 1399 sua

220 1461 377 1553 quisque
397 1456 532 1534 tuenda
557 1453 718 1545 haberet,
741 1461 838 1528 inter
855 1481 982 1526 omnes
1003 1455 1171 1543 oriretur,
1192 1459 1267 1554 pri-

221 1603 345 1655 vatum
367 1609 477 1655 omne
491 1587 553 1680 jus
571 1583 729 1671 sustulit,
741 1583 918 1672 fortunas,
930 1607 1060 1654 uxores
1083 1597 1119 1653 ct
1135 1607 1267 1682 pueros

221 1713 259 1784 iu
280 1737 475 1784 eoinnmne
498 1717 666 1802 miscere,
691 1717 737 1783 ita
757 1729 814 1801 ut,
838 1717 986 1810 privatae
1009 1716 1058 1782 rei
1083 1738 1167 1782 cura
1189 1712 1266 1808 jam

221 1867 295 1912 non
312 1838 505 1936 disjuncti,
527 1857 655 1912 mutua
676 1845 786 1912 etiam
808 1845 956 1912 caritate
970 1865 1008 1911 se
1025 1845 1128 1937 quasi
1146 1855 1268 1939 patres

221 1984 255 2040 et
273 1966 366 2042 lilios
384 1973 506 2043 cuncti
521 1972 616 2040 cives
628 1967 849 2066 diligerent(
873 1971 897 2063 ).

271 2099 327 2170 Ad
357 2125 439 2196 quae
464 2097 660 2170 refellenda
683 2097 863 2194 AEgidius‚
890 2097 1073 2170 Aristoteli
1100 2098 1279 2187 innixus,

221 2228 425 2318 contendit,
448 2254 524 2300 non
550 2222 628 2299 eam
655 2233 835 2300 civitatem
863 2233 1038 2326 optimam
1066 2253 1158 2317 esse,
1185 2253 1267 2326 quae

220 2385 332 2457 qnam
349 2364 508 2438 maxime
521 2385 591 2430 una
609 2359 669 2448 sit,
687 2385 806 2455 quum
823 2359 972 2430 diversis
986 2356 1114 2430 officiis
1128 2375 1268 2430 constet

221 2485 335 2559 civilis
350 2487 508 2578 societas,
524 2503 558 2560 et
572 2488 657 2560 inde
675 2483 868 2559 hominum
887 2486 1058 2560 varietate
1072 2501 1189 2581 egeat,
1203 2491 1268 2583 qui

221 2614 267 2686 ed
296 2642 414 2688 unum
441 2617 556 2716 redigi
583 2643 779 2714 nunquam
808 2621 968 2716 possint3
1000 2613 1114 2686 multa
1142 2631 1268 2688 contra

171 2805 174 2812 .
221 2744 516 2815 incommodam
545 2743 612 2815 hac
637 2748 808 2815 omnium
838 2769 961 2816 rerum
989 2746 1267 2832 communitate,

221 2873 325 2966 quasi
345 2871 384 2941 in
404 2885 504 2941 certo
523 2872 731 2968 jurgiorum
753 2871 867 2961 fonte,
888 2872 1016 2959 inesse,
1036 2875 1175 2942 etiamsi
1198 2869 1270 2941 hu-

221 3021 340 3069 manae
354 3014 495 3108 naturae
509 3023 586 3074 non
602 3003 782 3070 contraria
796 3000 901 3089 foret,
915 3000 1019 3097 cujus
1035 3003 1176 3072 cunctis
1191 3003 1270 3072 viri

222 3125 290 3198 bus
304 3131 554 3226 impugnatur.
572 3131 640 3200 Sua
653 3132 786 3225 cuique
800 3133 845 3200 sit
857 3155 923 3217 res,
938 3155 1000 3200 sua
1015 3129 1148 3226 cuique
1163 3152 1267 3216 uxor,
1347 3141 1352 3152 ·

223 3280 287 3325 sua
309 3256 444 3354 cuique
462 3257 651 3356 progenies
670 3271 819 3356 oportet.
844 3257 951 3329 Nulla
973 3273 1025 3328 est
1049 3262 1171 3334 civitas
1187 3281 1270 3352 quae

223 3386 325 3458 aliter
338 3391 530 3459 consistere
541 3392 670 3486 possit;
688 3413 805 3484 quum
819 3386 953 3486 abipsa
968 3404 1098 3458 natura
1114 3387 1270 3482 injectus

223 3516 268 3582 sit
281 3518 317 3583 in
331 3513 511 3611 cujusque
525 3519 691 3585 animum
710 3539 784 3584 suae
799 3518 860 3602 rei,
877 3539 950 3585 suae
964 3517 1100 3601 uxoris,
1116 3535 1268 3583 suorum
1340 3593 1344 3601 Ι

223 3637 425 3712 liberorum
440 3667 553 3712 amor.

274 3770 348 3839 Nee
374 3759 520 3839 meliora
545 3769 611 3840 alia
637 3796 720 3866 quae
751 3773 860 3841 sensit
887 3767 1006 3858 Plat0,
1031 3792 1149 3862 quum
1176 3771 1271 3865 ipsas

224 3921 372 3996 quoque
387 3899 539 3976 feminas
551 3897 597 3971 ad
612 3899 705 3972 bella
719 3901 873 3973 exerceri
883 3898 1042 3996 jusserit,
1056 3914 1092 3972 et
1104 3903 1143 3969 in
1159 3913 1272 3970 certos

261 4214 295 4288 (t)
313 4216 385 4282 Quod
397 4217 426 4284 de
436 4218 493 4268 solis
511 4217 665 4286 bellatoribus
686 4217 833 4294 intenderat
843 4218 920 4280 Plato,
934 4232 989 4268 eum
1002 4215 1033 4267 de
1051 4192 1163 4267 omnibus
1179 4213 1276 4292 civibus

225 4305 613 4378 intendiueproflteturfflgidim.

332 4439 362 4496 ⁴2
