3124 5056
653 509 924 579 -37-,

199 683 396 774 'tendum
433 668 532 782 quod
559 686 598 756 in
632 669 699 758 lrac
727 691 802 786 ipsa
826 711 865 758 re
893 713 911 756 a
939 686 1109 783 magistro
1135 685 1268 758 discre-

228 840 313 912 pare
340 813 454 886 videri
481 812 640 886 noluerit
669 815 848 912 AEgidius‚
879 831 914 887 et
935 843 1016 888 eam
1052 819 1268 888 sententiam

227 939 273 1012 'ab
304 939 491 1014 Aristotele
520 941 756 1042 approbatam
789 931 1027 1034 contenderit,
1055 965 1269 1042 quanquam

228 1053 321 1142 nihil
342 1054 409 1142 tale
425 1069 526 1170 apud
541 1063 808 1171 Philosophum
826 1041 1037 1173 reperiatur.

279 1315 322 1384 in
347 1315 491 1386 Caeteris
516 1328 612 1386 totus
637 1309 683 1384 ab
707 1313 892 1386 Aristotele
916 1326 978 1385 est.

278 1553 358 1627 Sive
381 1553 426 1624 ad
450 1568 625 1643 mentem,
648 1553 721 1627 sive
749 1554 794 1626 ad
819 1554 1107 1653 complexionem
1141 1568 1274 1656 corpo·-

228 1688 277 1754 ris
299 1691 435 1780 spectas
462 1685 557 1779 (q'uae
580 1687 627 1754 ita
652 1705 820 1754 connexae
841 1694 938 1771 sunt,
963 1693 1005 1753 ut
1024 1683 1184 1781 corporis
1206 1679 1277 1754 de?

99 1787 104 1796 ’
161 1869 163 1874 .
226 1809 360 1880 fectum
395 1809 555 1884 defectus
581 1797 711 1880 animae
738 1831 882 1910 semper
909 1809 1107 1908 sequatur),
1136 1809 1271 1882 femina

226 1933 459 2033 imperfectus
490 1931 603 2005 horno
634 1932 686 2004 est
711 1934 779 2030 (r);
809 1941 911 2005 tanto
942 1932 1094 2006 homine
1119 1935 1272 2006 inferior
1328 1911 1335 1930 ’

226 2080 366 2160 quanto
393 2069 473 2135 viro
501 2080 612 2162 puer;
648 2063 722 2134 fere
748 2077 818 2136 tota
836 2067 887 2152 win
906 2069 1092 2164 appetitu3
1120 2067 1271 2136 rationis

227 2201 264 2263 et
290 2189 493 2291 prudentiae
521 2203 651 2287 magna
683 2216 725 2261 ex
758 2207 860 2290 parte
892 2217 1020 2290 egens;
1060 2208 1113 2282 et,
1154 2219 1273 2290 quum

227 2317 386 2392 melioris
415 2317 554 2416 ubique
584 2321 628 2388 sit
651 2318 825 2416 regimen,
854 2317 899 2390 ab
928 2316 1080 2390 homine
1109 2319 1194 2390 ideo
1220 2345 1271 2390 re·

227 2439 357 2546 gendo,
380 2460 457 2519 tion
482 2446 659 2538 δεσποτικῷς
688 2447 851 2544 quidem,
881 2473 945 2518 nec
971 2463 1160 2520 serrorum
1190 2473 1273 2548 puc-

229 2601 398 2649 rorumve
432 2581 562 2667 instar,
599 2591 718 2674 quuin
748 2588 854 2646 certae
887 2600 1031 2673 semper
1066 2589 1161 2670 ante¹
1192 2599 1270 2645 ma-

226 2706 442 2777 trimonium
462 2719 575 2804 pactae
602 2705 675 2777 sint
695 2707 788 2788 inter
810 2719 1009 2799 utrumque
1030 2702 1269 2790 conditiones,

227 2833 289 2904 sed
316 2831 423 2932 plene
449 2847 584 2920 tamen,
612 2849 647 2902 et
675 2847 716 2902 ut
735 2831 885 2902 inferior
910 2857 930 2901 a
955 2835 1155 2929 superiore.

277 2965 480 3034 Anemine
507 2975 603 3031 certe
638 2959 741 3056 pejus
770 2983 883 3055 quam
913 2956 958 3027 alr
993 2957 1134 3055 AEgidio
1166 2959 1272 3029 audi·

226 3106 359 3164 rerunt
385 3107 550 3186 unquam
577 3087 734 3176 feminae,
759 3099 850 3184 quas
874 3090 1168 3186 intemperantes,
1191 3112 1271 3184 gar-

226 3217 342 3308 rulas,
372 3215 543 3304 mobiles,
571 3232 755 3303 tanturm,
783 3213 976 3314 superbas,
997 3211 1150 3288 invalidi
1181 3241 1269 3286 con-

224 3347 313 3436 sitii,
343 3352 382 3418 in
411 3343 582 3418 omnibus
610 3343 713 3431 inde,
749 3339 863 3412 rel'in
893 3341 1107 3429 virtutibus,
1137 3345 1268 3412 nimias

225 3477 399 3574 appellat,
439 3473 576 3546 nullius
616 3473 825 3567 deniquee
863 3485 992 3540 natura
1028 3469 1163 3558 inradia,
1198 3475 1266 3541 nisi

225 3601 327 3699 quod
355 3605 424 3702 piae
452 3617 554 3691 sunt,
590 3615 625 3671 et
658 3597 850 3670 timiditate
877 3611 941 3667 ant
969 3595 1119 3667 mollitie
1147 3598 1266 3670 cordis

224 3729 440 3806 verecundae
454 3745 490 3801 et
514 3726 774 3800 misericordes.

273 3864 425 3942 Ratione
461 3881 547 3954 ergo
581 3855 756 3928 connubii
788 3851 932 3945 habita,
964 3855 1010 3927 ad
1047 3855 1085 3926 id
1121 3867 1267 3928 tantum

259 4099 291 4172 (l)
304 4101 421 4152 «Femina
434 4099 582 4151 malaherba
602 4109 653 4165 est,
667 4115 720 4165 quae
737 4097 784 4148 cito
797 4097 890 4151 crescit.
912 4097 1004 4162 Corpus
1017 4097 1144 4164 muliebre,
1161 4114 1189 4146 eo
1205 4097 1269 4164 qood

227 4213 240 4238 a
259 4191 289 4242 sit
304 4191 381 4251 vilius,
392 4199 416 4240 et
425 4201 508 4242 natura
518 4191 597 4240 minus
611 4189 641 4238 de
651 4193 679 4238 eo
693 4197 771 4250 curet,
781 4186 849 4236 citius
862 4187 927 4236 verrit
938 4182 967 4236 ad
983 4202 1053 4236 suum
1068 4187 1269 4252 complementum

228 4303 242 4330 u
261 4297 333 4349 quam
347 4279 424 4333 virile.
439 4303 452 4326 a
472 4277 606 4350 (AEgidiur,
619 4277 663 4332 lib.
679 4281 714 4345 11,
725 4293 779 4343 cap.
792 4273 841 4342 23.)
