3126 5058
629 489 746 554 ...29
775 518 819 536 ...-

112 671 114 676 '
201 659 315 734 videri
338 673 469 760 potest,
487 684 605 756 quum
616 658 809 732 iracundos
837 660 981 732 eosdem
1006 677 1042 732 et
1062 659 1243 747 liberales,

201 805 265 861 aut
303 792 582 888 intemperantes
625 787 772 860 eosdem
806 804 841 860 et
880 805 1084 861 mansuetos
1115 793 1244 887 saepius

203 915 404 1006 videamus3
431 914 493 988 sed
512 915 557 987 de
587 914 751 1013 perfectis
779 931 925 987 tantum
950 916 1145 988 virtutibus
1173 914 1243 986 hoc

202 1042 477 1141 intelligendum
515 1061 580 1134 est3
624 1044 795 1143 perfectas
833 1061 955 1116 autem
992 1046 1144 1118 virtutes
1183 1069 1243 1116 rex

204 1169 335 1243 habeat
357 1197 498 1244 necesse
524 1189 586 1243 est.
613 1172 742 1261 Quum
768 1188 892 1244 autem
917 1177 1006 1245 vitia
1030 1198 1067 1244 se
1089 1178 1245 1247 invicem

204 1297 406 1390 attrahant,
433 1303 463 1370 si
488 1299 590 1397 quod
606 1304 734 1372 vitium
759 1299 865 1372 alicui
884 1303 996 1390 inest,
1023 1297 1124 1372 nulla
1141 1303 1245 1373 estin

205 1433 328 1500 animo
343 1433 473 1519 virtus,
484 1429 543 1500 cui
557 1445 633 1502 tam
646 1429 761 1501 ferme
774 1428 974 1518 adhaereat,
998 1445 1039 1501 ut
1055 1455 1247 1526 nunquam

204 1581 247 1628 ex
258 1581 297 1628 ea
310 1557 351 1628 in
364 1555 509 1656 culpam
522 1556 640 1628 delabi
655 1561 777 1657 possit.

257 1687 356 1756 luter
377 1689 556 1756 virtutum
580 1685 713 1783 gradus
733 1689 856 1782 igitur,
883 1684 929 1756 ad
952 1683 1164 1756 altissimum
1186 1709 1248 1757 rex

207 1815 567 1912 pe1·veniatoporoet3
598 1812 644 1885 ad
667 1835 754 1884 eum
773 1812 906 1884 scilicet
925 1838 1036 1909 quem
1058 1811 1248 1884 heroicum

208 1939 414 2012 Aristoteles
439 1947 623 2031 nominat,
652 1956 689 2012 et
703 1940 819 2038 quiin
838 1940 1025 2038 Religione
1040 1940 1248 2014 Christiana

208 2068 336 2140 Sanctis
357 2073 459 2165 quasi
478 2074 651 2172 proprius
673 2085 726 2140 est
746 2086 781 2140 et
809 2068 1011 2168 peculiaris.
1031 2073 1134 2156 Item,
1153 2074 1248 2139 inter

209 2211 368 2290 quatuor
395 2221 527 2294 genera
552 2195 789 2268 honestorum
816 2201 998 2286 virorum,
1024 2202 1187 2297 optimis,
1215 2212 1250 2268 et

210 2348 324 2422 prope
339 2322 491 2413 divinis,
507 2321 786 2413 adnumeretur3
810 2299 970 2423 optinius
984 2330 1082 2396 enim
1098 2330 1142 2396 sit
1155 2330 1251 2397 inter

210 2455 366 2548 optimos
379 2475 523 2524 necesse
534 2467 605 2542 est,
619 2469 660 2523 ut
670 2453 756 2551 jure
771 2469 805 2523 et
815 2469 943 2524 natura
957 2450 1125 2524 homines
1141 2471 1249 2550 regat.

261 2592 335 2660 Nec
350 2588 641 2663 obliviscendum
663 2605 716 2661 est
734 2615 818 2660 eum
834 2589 880 2660 ad
896 2587 966 2660 hoc
980 2594 1167 2688 pervenire
1179 2615 1252 2663 non

212 2743 326 2817 posse,
340 2725 408 2790 nisi
418 2721 614 2818 adjuvante
622 2723 686 2792 Dei
698 2721 825 2816 gratia,
836 2719 1252 2819 quaeassiduisprecibus

212 2865 264 2919 est
277 2848 516 2946 imploranda.

333 3553 479 3618 TERTIA
501 3555 619 3618 PARS:
642 3559 696 3616 lle
717 3559 938 3633 passionibus
958 3559 1141 3634 principis.

266 3865 320 3934 De
335 3857 560 3948 Passionibus,
585 3860 714 3932 sende
740 3860 899 3932 motibus
926 3861 1062 3950 animi,
1086 3885 1187 3933 nunc
1208 3875 1260 3934 est

218 3988 429 4062 dicendum.

268 4117 431 4212 Cognitis
446 4119 541 4187 enim
559 4117 755 4188 virtutibus
771 4142 852 4212 quae
870 4104 1147 4220 regeng‘dss'sent,
1166 4139 1258 4212 quos

218 4243 331 4314 animi
343 4261 461 4315 motus
474 4249 510 4315 in
525 4245 763 4318 seadmittere
774 4244 902 4317 debeat
915 4243 1179 4339 iiiquitsndum
1193 4255 1256 4315 est.
