3124 5056
634 409 825 514 ...43-

211 623 473 697 asseverantius
492 621 788 696 id·afiirn1avere.
819 627 901 698 Non
924 619 1063 694 nuliam
1083 623 1182 694 enirn
1214 623 1259 696 dc

214 751 280 823 hac
293 752 493 848 quaestione
508 749 773 848 dubitationem
791 757 828 822 iu
849 749 1035 852 Aristotele
1051 748 1257 850 deprehen-

212 880 296 952 dero
315 896 388 952 cst:
407 886 450 950 ὅτι
470 883 519 968 δὲ,
535 881 678 976 inquit,
700 889 748 951 aad
772 887 798 949 οἱ
816 887 956 952 τάναντία
974 889 1135 978 φάσκοντες
1154 884 1260 977 τρόπον

213 1014 278 1078 τινὰ
304 995 441 1101 λέγουσιν
469 1014 561 1102 ὀρθῶς
594 1011 627 1078 οὐ
665 1013 793 1101 χαλεπὸν
835 1010 940 1105 εὑρεῖν.
967 1009 1010 1078 Et
1044 1032 1159 1104 quun]
1200 1031 1260 1078 eos

214 1123 354 1205 tantuin
373 1134 458 1230 juro
477 1159 596 1205 servos
616 1159 635 1202 e
654 1133 822 1205 violentia
850 1133 1051 1220 admiserit,
1070 1138 1133 1230 qui
1153 1157 1261 1229 aequo

214 1263 308 1334 bello
324 1262 473 1334 fuissent
491 1267 597 1362 capti
616 1261 794 1359 quosdam
815 1251 888 1333 es'se
908 1259 1176 1359 superaddidit,
1196 1265 1262 1357 qui

216 1418 410 1489 uunquam
429 1392 513 1491 jure
534 1393 625 1465 servi
648 1391 870 1479 dicerentur;
893 1417 1083 1488 quumque
1114 1397 1152 1461 iu
1179 1371 1263 1487 jure

217 1520 374 1624 naturali
396 1517 520 1592 eadem
553 1525 662 1592 servis
690 1545 771 1617 quae
795 1517 954 1590 dominis
978 1517 1146 1617 expedire
1176 1540 1262 1615 pro·

216 1648 327 1719 fessus
356 1651 421 1736 sit,
445 1671 519 1718 nou
545 1647 667 1718 cadem
702 1651 864 1743 utrisque
893 1672 912 1716 e
941 1647 1026 1745 jure
1054 1644 1151 1718 civili
1181 1662 1216 1716 et
1243 1669 1263 1713 e

219 1765 386 1849 vinientia
404 1775 501 1848 utilia
519 1801 595 1849 esse
615 1776 821 1849 contendit:
845 1783 958 1873 ἀνάγκη
979 1781 1052 1846 εἷναί
1076 1804 1155 1854 τινας
1174 1787 1263 1871 φαναι

217 1911 284 1988 τοὺς
316 1911 370 2000 μὲν
398 1919 550 1999 πανταχοῦ
580 1909 722 1992 δούλους,
745 1910 812 1988 τοὺς
844 1908 877 1977 δὲ
909 1905 1094 1998 οὐδαμᾶ...
1133 1907 1180 1976 διὸ
1214 1907 1263 1974 καὶ
1352 1945 1353 1948 ¹

219 2036 363 2128 συμφέρον
388 2036 451 2101 ἐστί
470 2059 496 2101 τι
518 2037 567 2101 καὶ
589 2036 671 2126 φιλία
692 2033 790 2122 όοὺλῳ
815 2037 864 2100 καὶ
885 2031 1011 2122 δεσπότῃ
1031 2034 1101 2125 πρὸς
1121 2032 1266 2108 ἀλλήλους

219 2168 279 2231 τοῖς
300 2157 384 2248 φύσει
403 2156 513 2223 τούτων
535 2155 726 2245 ήξιωμενοις,
746 2159 806 2232 τοῖς
828 2155 861 2224 δὲ
888 2160 928 2245 μὴ
948 2162 1050 2222 τοῦτον
1065 2157 1114 2221 τὸν
1136 2156 1263 2246 τρόπον,

219 2279 297 2347 ἀλλὰ
321 2283 400 2346 κατὰ
421 2282 508 2368 νόμον
526 2282 573 2344 καὶ
600 2280 765 2367 ὅιασθεῖσι,
793 2279 971 2346 τούναντίον.
1004 2279 1124 2346 'Minor
1142 2285 1272 2346 autern
1348 2269 1359 2288 ⁴

220 2405 321 2504 apud
346 2403 565 2500 Aquinatem
598 2421 662 2474 aut
700 2402 883 2502 AEgidium
914 2404 959 2475 dc
986 2401 1055 2474 hac
1086 2431 1124 2475 re
1153 2400 1267 2473 dubi·

223 2539 331 2607 tatio:
354 2538 519 2633 quamvis
539 2538 638 2605 enim
660 2559 735 2606 non
765 2561 783 2606 e
812 2553 941 2606 natura
971 2539 1016 2606 sit
1037 2560 1076 2606 ea
1093 2533 1264 2622 servituS‚

224 2653 467 2736 nihilominus
505 2680 625 2736 tamen
654 2679 704 2735 est
730 2661 989 2761 approbanda,
1014 2667 1100 2759 quia
1125 2677 1266 2734 naturae

223 2816 297 2862 non
326 2796 504 2862 contraria
535 2807 604 2878 est,
627 2806 662 2862 ct
689 2795 791 2886 quia,
817 2815 936 2888 quurn
959 2788 1005 2860 ad
1029 2811 1265 2861 communem

226 2918 417 2990 utilitatem
449 2917 604 3004 intersit,
633 2917 713 2988 ideo
753 2921 893 2987 ratione
930 2915 1123 2988 hominum
1147 2933 1199 2989 est
1227 2916 1267 2988 in

225 3045 384 3118 civitates
410 3045 570 3116 inducta.
590 3043 700 3138 Quod
726 3043 856 3143 triplici
876 3045 949 3130 via,
968 3061 1011 3116 ut
1026 3045 1076 3116 ait
1092 3044 1266 3142 AEgiclius,

224 3175 463 3248 demonstrari
486 3187 619 3271 potest:
760 3176 763 3181 ’

283 3313 315 3381 ιο
339 3312 434 3401 Quia
457 3308 756 3406 legumlatoribus
784 3307 990 3382 indistincta
1024 3327 1102 3382 erat
1136 3312 1268 3384 mentis
1299 3313 1305 3322 '

168 3460 172 3468 ·
225 3438 446 3525 excedentia,
457 3436 644 3508 manifesta
658 3453 780 3507 autern
795 3459 838 3506 cx
850 3440 925 3534 ipsa
940 3441 1085 3508 victoria
1099 3437 1270 3509 excellen-

227 3569 273 3635 tia
290 3564 436 3652 virium‚
450 3567 497 3634 ita
515 3578 554 3634 ut
569 3587 611 3632 ex
623 3588 662 3633 ea
677 3575 822 3634 tantum
837 3579 932 3633 certe
948 3563 1122 3660 distingui
1139 3578 1269 3662 posset,

225 3717 386 3790 quorum
404 3689 554 3762 servitus
571 3706 636 3760 aut
650 3689 852 3762 dominatio
864 3685 938 3762 es⁰se
955 3689 1124 3778 dcberct3

280 3827 318 3890 2⁰
342 3817 440 3912 Quia
468 3821 602 3888 servitii
637 3833 735 3888 metu
766 3823 860 3889 cives
883 3817 928 3890 ad
957 3823 1112 3918 patriani
1142 3819 1271 3892 fortius

226 3948 491 4022 defendendam
508 3945 749 4047 impelluntur
759 3978 768 4037 ;

279 4079 316 4146 3⁰
343 4079 439 4168 Quia
454 4077 558 4148 nruiti
573 4080 621 4146 ita
637 4099 700 4173 spe
713 4077 878 4148 utilitatis
890 4095 1082 4150 servantur
1097 4084 1135 4148 in
1154 4077 1248 4149 bello
1263 4136 1272 4169 ,

152 4191 155 4196 ¹
226 4208 290 4304 qui
317 4233 336 4277 a
363 4207 560 4278 victoribus
603 4203 866 4296 occiderentur,
898 4207 967 4277 nisi
999 4207 1042 4277 ad
1083 4207 1271 4280 servitium
