<?xml version="1.0" encoding="UTF-8"?>
<!DOCTYPE html PUBLIC "-//W3C//DTD XHTML 1.0 Transitional//EN"
    "http://www.w3.org/TR/xhtml1/DTD/xhtml1-transitional.dtd">
<html xmlns="http://www.w3.org/1999/xhtml" xml:lang="en" lang="en">
 <head>
  <title>
</title>
<meta http-equiv="Content-Type" content="text/html;charset=utf-8" />
  <meta name='ocr-system' content='tesseract 3.04.00' />
  <meta name='ocr-capabilities' content='ocr_page ocr_carea ocr_par ocr_line ocrx_word'/>
</head>
<body>
  <div class='ocr_page' id='page_1' title='image "./gidiiromanidere00courgoog_0033.png"; bbox 0 0 3126 5058; ppageno 0'>
   <div class='ocr_carea' id='block_1_1' title="bbox 636 399 930 486">
    <p class='ocr_par' dir='ltr' id='par_1_1' title="bbox 636 399 930 486">
     <span class='ocr_line' id='line_1_1' title="bbox 636 399 930 486; baseline 0.017 -25"><span class='ocrx_word' id='word_1_1' title='bbox 636 405 639 409; x_wconf 92' lang='grc'><em>·</em></span> <span class='ocrx_word' id='word_1_2' title='bbox 739 399 930 486; x_wconf 76' lang='lat' dir='ltr'><strong>-is-</strong></span> 
     </span>
    </p>
   </div>
   <div class='ocr_carea' id='block_1_2' title="bbox 308 571 1346 900">
    <p class='ocr_par' dir='ltr' id='par_1_2' title="bbox 308 571 1346 900">
     <span class='ocr_line' id='line_1_2' title="bbox 309 571 1346 674; baseline 0.005 -33"><span class='ocrx_word' id='word_1_3' title='bbox 309 571 527 668; x_wconf 81' lang='lat' dir='ltr'><strong>adjumentis</strong></span> <span class='ocrx_word' id='word_1_4' title='bbox 549 576 647 662; x_wconf 83' lang='lat' dir='ltr'><strong>vitae,</strong></span> <span class='ocrx_word' id='word_1_5' title='bbox 672 584 811 664; x_wconf 84' lang='lat' dir='ltr'><strong>utetu‘r,</strong></span> <span class='ocrx_word' id='word_1_6' title='bbox 836 599 1030 674; x_wconf 87' lang='lat' dir='ltr'><strong>nunquam</strong></span> <span class='ocrx_word' id='word_1_7' title='bbox 1052 573 1186 650; x_wconf 88' lang='lat' dir='ltr'><strong>oblitus</strong></span> <span class='ocrx_word' id='word_1_8' title='bbox 1210 600 1247 648; x_wconf 94' lang='lat' dir='ltr'><strong>se</strong></span> <span class='ocrx_word' id='word_1_9' title='bbox 1272 601 1346 650; x_wconf 90' lang='lat' dir='ltr'><strong>non</strong></span> 
     </span>
     <span class='ocr_line' id='line_1_3' title="bbox 308 697 1346 802; baseline 0.009 -33"><span class='ocrx_word' id='word_1_10' title='bbox 308 723 400 786; x_wconf 86' lang='lat' dir='ltr'><strong>suae,</strong></span> <span class='ocrx_word' id='word_1_11' title='bbox 418 698 479 770; x_wconf 90' lang='lat' dir='ltr'><strong>sed</strong></span> <span class='ocrx_word' id='word_1_12' title='bbox 494 697 650 774; x_wconf 88' lang='lat' dir='ltr'><strong>aliorum</strong></span> <span class='ocrx_word' id='word_1_13' title='bbox 667 700 831 791; x_wconf 70' lang='lat' dir='ltr'>utilitati,</span> <span class='ocrx_word' id='word_1_14' title='bbox 848 705 886 772; x_wconf 92' lang='lat' dir='ltr'><strong>in</strong></span> <span class='ocrx_word' id='word_1_15' title='bbox 901 706 1109 802; x_wconf 86' lang='lat' dir='ltr'><strong>principatu</strong></span> <span class='ocrx_word' id='word_1_16' title='bbox 1125 728 1197 776; x_wconf 88' lang='lat' dir='ltr'><strong>esse</strong></span> <span class='ocrx_word' id='word_1_17' title='bbox 1214 705 1346 782; x_wconf 83' lang='lat' dir='ltr'><strong>eonsti-</strong></span> 
     </span>
     <span class='ocr_line' id='line_1_4' title="bbox 308 841 443 900; baseline 0 0"><span class='ocrx_word' id='word_1_18' title='bbox 308 841 443 900; x_wconf 89' lang='lat' dir='ltr'><strong>tutum.</strong></span> 
     </span>
    </p>
   </div>
   <div class='ocr_carea' id='block_1_3' title="bbox 304 1081 1351 1819">
    <p class='ocr_par' dir='ltr' id='par_1_3' title="bbox 304 1081 1351 1819">
     <span class='ocr_line' id='line_1_5' title="bbox 357 1081 1349 1180; baseline 0.004 -30"><span class='ocrx_word' id='word_1_19' title='bbox 357 1081 442 1150; x_wconf 84' lang='lat' dir='ltr'><strong>Haec</strong></span> <span class='ocrx_word' id='word_1_20' title='bbox 462 1087 586 1152; x_wconf 89' lang='lat' dir='ltr'><strong>omnia</strong></span> <span class='ocrx_word' id='word_1_21' title='bbox 605 1084 634 1155; x_wconf 89' lang='lat' dir='ltr'><strong>si</strong></span> <span class='ocrx_word' id='word_1_22' title='bbox 658 1109 719 1155; x_wconf 86' lang='lat' dir='ltr'><strong>rex</strong></span> <span class='ocrx_word' id='word_1_23' title='bbox 739 1083 1000 1172; x_wconf 81' lang='lat' dir='ltr'><strong>observaverit,</strong></span> <span class='ocrx_word' id='word_1_24' title='bbox 1022 1085 1177 1155; x_wconf 87' lang='lat' dir='ltr'><strong>maxima</strong></span> <span class='ocrx_word' id='word_1_25' title='bbox 1199 1081 1349 1180; x_wconf 83' lang='lat' dir='ltr'><strong>praemia</strong></span> 
     </span>
     <span class='ocr_line' id='line_1_6' title="bbox 305 1205 1351 1309; baseline 0.006 -32"><span class='ocrx_word' id='word_1_26' title='bbox 305 1205 524 1279; x_wconf 84' lang='lat' dir='ltr'><strong>lucrabitur:</strong></span> <span class='ocrx_word' id='word_1_27' title='bbox 541 1215 597 1281; x_wconf 92' lang='lat' dir='ltr'><strong>sui</strong></span> <span class='ocrx_word' id='word_1_28' title='bbox 612 1212 711 1282; x_wconf 88' lang='lat' dir='ltr'><strong>enim</strong></span> <span class='ocrx_word' id='word_1_29' title='bbox 729 1211 959 1309; x_wconf 77' lang='lat' dir='ltr'><strong>experientia,</strong></span> <span class='ocrx_word' id='word_1_30' title='bbox 975 1223 1010 1281; x_wconf 88' lang='lat' dir='ltr'><strong>et</strong></span> <span class='ocrx_word' id='word_1_31' title='bbox 1023 1215 1245 1296; x_wconf 86' lang='lat' dir='ltr'><strong>meritorum</strong></span> <span class='ocrx_word' id='word_1_32' title='bbox 1267 1234 1351 1282; x_wconf 91' lang='lat' dir='ltr'><strong>suo·</strong></span> 
     </span>
     <span class='ocr_line' id='line_1_7' title="bbox 305 1336 1350 1436; baseline 0 -30"><span class='ocrx_word' id='word_1_33' title='bbox 305 1357 385 1406; x_wconf 86' lang='lat' dir='ltr'><strong>rum</strong></span> <span class='ocrx_word' id='word_1_34' title='bbox 421 1343 650 1427; x_wconf 88' lang='lat' dir='ltr'><strong>conscientia,</strong></span> <span class='ocrx_word' id='word_1_35' title='bbox 674 1339 749 1436; x_wconf 91' lang='lat' dir='ltr'><strong>jam</strong></span> <span class='ocrx_word' id='word_1_36' title='bbox 777 1343 815 1408; x_wconf 93' lang='lat' dir='ltr'><strong>in</strong></span> <span class='ocrx_word' id='word_1_37' title='bbox 843 1337 909 1408; x_wconf 88' lang='lat' dir='ltr'><strong>hac</strong></span> <span class='ocrx_word' id='word_1_38' title='bbox 935 1341 1020 1426; x_wconf 80' lang='lat' dir='ltr'><strong>vita,</strong></span> <span class='ocrx_word' id='word_1_39' title='bbox 1038 1336 1152 1423; x_wconf 82' lang='lat' dir='ltr'><strong>laetus,</strong></span> <span class='ocrx_word' id='word_1_40' title='bbox 1176 1351 1350 1412; x_wconf 76' lang='lat' dir='ltr'><strong>aeternam</strong></span> 
     </span>
     <span class='ocr_line' id='line_1_8' title="bbox 304 1462 1349 1564; baseline 0.002 -32"><span class='ocrx_word' id='word_1_41' title='bbox 304 1487 452 1558; x_wconf 91' lang='lat' dir='ltr'><strong>quoque</strong></span> <span class='ocrx_word' id='word_1_42' title='bbox 475 1462 680 1536; x_wconf 84' lang='lat' dir='ltr'><strong>felicitatem</strong></span> <span class='ocrx_word' id='word_1_43' title='bbox 698 1478 950 1564; x_wconf 87' lang='lat' dir='ltr'><strong>postmortem</strong></span> <span class='ocrx_word' id='word_1_44' title='bbox 967 1478 1210 1560; x_wconf 84' lang='lat' dir='ltr'><strong>consequetur</strong></span> <span class='ocrx_word' id='word_1_45' title='bbox 1224 1489 1243 1534; x_wconf 94' lang='lat' dir='ltr'><strong>a</strong></span> <span class='ocrx_word' id='word_1_46' title='bbox 1260 1465 1349 1554; x_wconf 89' lang='lat' dir='ltr'><strong>Deo,</strong></span> 
     </span>
     <span class='ocr_line' id='line_1_9' title="bbox 305 1587 1351 1688; baseline 0.002 -30"><span class='ocrx_word' id='word_1_47' title='bbox 305 1592 370 1684; x_wconf 92' lang='lat' dir='ltr'><strong>qui</strong></span> <span class='ocrx_word' id='word_1_48' title='bbox 385 1603 486 1659; x_wconf 90' lang='lat' dir='ltr'><strong>tanto</strong></span> <span class='ocrx_word' id='word_1_49' title='bbox 513 1589 597 1688; x_wconf 89' lang='lat' dir='ltr'><strong>plus</strong></span> <span class='ocrx_word' id='word_1_50' title='bbox 620 1616 706 1662; x_wconf 91' lang='lat' dir='ltr'><strong>eum</strong></span> <span class='ocrx_word' id='word_1_51' title='bbox 731 1589 1039 1680; x_wconf 84' lang='lat' dir='ltr'><strong>remunerabitur,</strong></span> <span class='ocrx_word' id='word_1_52' title='bbox 1057 1605 1195 1687; x_wconf 89' lang='lat' dir='ltr'><strong>quanto</strong></span> <span class='ocrx_word' id='word_1_53' title='bbox 1219 1587 1351 1662; x_wconf 85' lang='lat' dir='ltr'><strong>diffici-</strong></span> 
     </span>
     <span class='ocr_line' id='line_1_10' title="bbox 304 1715 675 1819; baseline 0.005 -30"><span class='ocrx_word' id='word_1_54' title='bbox 304 1715 393 1790; x_wconf 90' lang='lat' dir='ltr'><strong>liora</strong></span> <span class='ocrx_word' id='word_1_55' title='bbox 408 1717 675 1819; x_wconf 88' lang='lat' dir='ltr'><strong>adimpleverit.</strong></span> 
     </span>
    </p>
   </div>
   <div class='ocr_carea' id='block_1_4' title="bbox 300 1959 1453 2316">
    <p class='ocr_par' dir='ltr' id='par_1_4' title="bbox 300 1959 1453 2316">
     <span class='ocr_line' id='line_1_11' title="bbox 352 1959 1453 2072; baseline 0.004 -34"><span class='ocrx_word' id='word_1_56' title='bbox 352 1972 395 2039; x_wconf 91' lang='lat' dir='ltr'><strong>ln</strong></span> <span class='ocrx_word' id='word_1_57' title='bbox 416 1966 475 2040; x_wconf 90' lang='lat' dir='ltr'><strong>his</strong></span> <span class='ocrx_word' id='word_1_58' title='bbox 500 1968 674 2040; x_wconf 89' lang='lat' dir='ltr'><strong>omnibus</strong></span> <span class='ocrx_word' id='word_1_59' title='bbox 696 1973 930 2041; x_wconf 88' lang='lat' dir='ltr'><strong>consentiunt</strong></span> <span class='ocrx_word' id='word_1_60' title='bbox 943 1969 1103 2072; x_wconf 88' lang='lat' dir='ltr'><strong>Aquinas</strong></span> <span class='ocrx_word' id='word_1_61' title='bbox 1123 1982 1159 2040; x_wconf 91' lang='lat' dir='ltr'><strong>et</strong></span> <span class='ocrx_word' id='word_1_62' title='bbox 1172 1969 1349 2066; x_wconf 75' lang='lat' dir='ltr'><strong>AEgidius,</strong></span> <span class='ocrx_word' id='word_1_63' title='bbox 1451 1959 1453 1966; x_wconf 53' lang='grc'><em>’</em></span> 
     </span>
     <span class='ocr_line' id='line_1_12' title="bbox 300 2094 1351 2196; baseline 0.003 -31"><span class='ocrx_word' id='word_1_64' title='bbox 300 2120 343 2166; x_wconf 84' lang='lat' dir='ltr'><strong>ex</strong></span> <span class='ocrx_word' id='word_1_65' title='bbox 368 2094 554 2168; x_wconf 86' lang='lat' dir='ltr'><strong>Aristotele</strong></span> <span class='ocrx_word' id='word_1_66' title='bbox 574 2096 734 2195; x_wconf 82' lang='lat' dir='ltr'><strong>plurima</strong></span> <span class='ocrx_word' id='word_1_67' title='bbox 758 2096 993 2187; x_wconf 86' lang='lat' dir='ltr'><strong>deducentes,</strong></span> <span class='ocrx_word' id='word_1_68' title='bbox 1012 2097 1190 2196; x_wconf 68' lang='lat' dir='ltr'><strong>nisi‘quae</strong></span> <span class='ocrx_word' id='word_1_69' title='bbox 1210 2097 1256 2168; x_wconf 89' lang='lat' dir='ltr'><strong>de</strong></span> <span class='ocrx_word' id='word_1_70' title='bbox 1269 2097 1351 2168; x_wconf 87' lang='lat' dir='ltr'><strong>feli-</strong></span> 
     </span>
     <span class='ocr_line' id='line_1_13' title="bbox 301 2225 1353 2316; baseline 0.001 -21"><span class='ocrx_word' id='word_1_71' title='bbox 301 2229 405 2296; x_wconf 90' lang='lat' dir='ltr'><strong>citate</strong></span> <span class='ocrx_word' id='word_1_72' title='bbox 431 2240 562 2316; x_wconf 62' lang='lat' dir='ltr'><strong>aeterna</strong></span> <span class='ocrx_word' id='word_1_73' title='bbox 594 2225 734 2313; x_wconf 82' lang='lat' dir='ltr'><strong>dixere3</strong></span> <span class='ocrx_word' id='word_1_74' title='bbox 765 2225 900 2296; x_wconf 90' lang='lat' dir='ltr'><strong>multos</strong></span> <span class='ocrx_word' id='word_1_75' title='bbox 928 2252 973 2296; x_wconf 88' lang='lat' dir='ltr'><strong>ne</strong></span> <span class='ocrx_word' id='word_1_76' title='bbox 1009 2240 1130 2296; x_wconf 89' lang='lat' dir='ltr'><strong>autem</strong></span> <span class='ocrx_word' id='word_1_77' title='bbox 1163 2225 1303 2300; x_wconf 87' lang='lat' dir='ltr'><strong>fructus</strong></span> <span class='ocrx_word' id='word_1_78' title='bbox 1332 2252 1353 2296; x_wconf 91' lang='lat' dir='ltr'><strong>e</strong></span> 
     </span>
    </p>
   </div>
   <div class='ocr_carea' id='block_1_5' title="bbox 302 2335 1351 2460">
    <p class='ocr_par' dir='ltr' id='par_1_5' title="bbox 302 2335 1351 2460">
     <span class='ocr_line' id='line_1_14' title="bbox 302 2335 1351 2460; baseline 0.002 -33"><span class='ocrx_word' id='word_1_79' title='bbox 302 2351 791 2457; x_wconf 20' lang='lat' dir='ltr'><strong>philosophoqperoeperint,</strong></span> <span class='ocrx_word' id='word_1_80' title='bbox 814 2357 853 2426; x_wconf 91' lang='lat' dir='ltr'><strong>in</strong></span> <span class='ocrx_word' id='word_1_81' title='bbox 871 2335 983 2429; x_wconf 81' lang='lat' dir='ltr'><strong>dnbio</strong></span> <span class='ocrx_word' id='word_1_82' title='bbox 997 2360 1084 2457; x_wconf 91' lang='lat' dir='ltr'><strong>poni</strong></span> <span class='ocrx_word' id='word_1_83' title='bbox 1099 2370 1227 2460; x_wconf 88' lang='lat' dir='ltr'><strong>potest.</strong></span> <span class='ocrx_word' id='word_1_84' title='bbox 1258 2359 1351 2429; x_wconf 90' lang='lat' dir='ltr'><strong>Om··</strong></span> 
     </span>
    </p>
   </div>
   <div class='ocr_carea' id='block_1_6' title="bbox 209 2480 1441 3349">
    <p class='ocr_par' dir='ltr' id='par_1_6' title="bbox 209 2480 1441 3349">
     <span class='ocr_line' id='line_1_15' title="bbox 303 2480 1352 2584; baseline -0.001 -29"><span class='ocrx_word' id='word_1_85' title='bbox 303 2487 363 2555; x_wconf 91' lang='lat' dir='ltr'><strong>nia</strong></span> <span class='ocrx_word' id='word_1_86' title='bbox 380 2487 478 2553; x_wconf 91' lang='lat' dir='ltr'><strong>enim</strong></span> <span class='ocrx_word' id='word_1_87' title='bbox 504 2509 586 2580; x_wconf 88' lang='lat' dir='ltr'><strong>quae</strong></span> <span class='ocrx_word' id='word_1_88' title='bbox 610 2482 655 2554; x_wconf 91' lang='lat' dir='ltr'><strong>de</strong></span> <span class='ocrx_word' id='word_1_89' title='bbox 675 2487 773 2581; x_wconf 74' lang='lat' dir='ltr'><strong>regio</strong></span> <span class='ocrx_word' id='word_1_90' title='bbox 799 2481 871 2566; x_wconf 83' lang='lat' dir='ltr'><strong>line</strong></span> <span class='ocrx_word' id='word_1_91' title='bbox 893 2497 1048 2582; x_wconf 86' lang='lat' dir='ltr'><strong>uterque</strong></span> <span class='ocrx_word' id='word_1_92' title='bbox 1067 2480 1262 2584; x_wconf 88' lang='lat' dir='ltr'><strong>protulere,</strong></span> <span class='ocrx_word' id='word_1_93' title='bbox 1271 2483 1352 2582; x_wconf 89' lang='lat' dir='ltr'><strong>jam</strong></span> 
     </span>
     <span class='ocr_line' id='line_1_16' title="bbox 209 2608 1352 2712; baseline 0.001 -31"><span class='ocrx_word' id='word_1_94' title='bbox 209 2660 213 2667; x_wconf 94' lang='lat'><em>-</em></span> <span class='ocrx_word' id='word_1_95' title='bbox 303 2608 380 2682; x_wconf 86' lang='lat' dir='ltr'><strong>haec</strong></span> <span class='ocrx_word' id='word_1_96' title='bbox 405 2611 531 2682; x_wconf 90' lang='lat' dir='ltr'><strong>eadem</strong></span> <span class='ocrx_word' id='word_1_97' title='bbox 565 2611 703 2712; x_wconf 91' lang='lat' dir='ltr'><strong>priores</strong></span> <span class='ocrx_word' id='word_1_98' title='bbox 733 2611 778 2684; x_wconf 90' lang='lat' dir='ltr'><strong>de</strong></span> <span class='ocrx_word' id='word_1_99' title='bbox 810 2608 956 2683; x_wconf 89' lang='lat' dir='ltr'><strong>Politica</strong></span> <span class='ocrx_word' id='word_1_100' title='bbox 985 2614 1212 2712; x_wconf 87' lang='lat' dir='ltr'><strong>scriptorese</strong></span> <span class='ocrx_word' id='word_1_101' title='bbox 1237 2611 1352 2682; x_wconf 85' lang='lat' dir='ltr'><strong>Sacris</strong></span> 
     </span>
     <span class='ocr_line' id='line_1_17' title="bbox 305 2737 1355 2838; baseline -0.002 -28"><span class='ocrx_word' id='word_1_102' title='bbox 305 2737 499 2810; x_wconf 86' lang='lat' dir='ltr'><strong>Codicibus</strong></span> <span class='ocrx_word' id='word_1_103' title='bbox 511 2742 800 2837; x_wconf 77' lang='lat' dir='ltr'><strong>sanctorumque</strong></span> <span class='ocrx_word' id='word_1_104' title='bbox 817 2743 967 2811; x_wconf 90' lang='lat' dir='ltr'><strong>Patrum</strong></span> <span class='ocrx_word' id='word_1_105' title='bbox 985 2739 1086 2812; x_wconf 91' lang='lat' dir='ltr'><strong>libris</strong></span> <span class='ocrx_word' id='word_1_106' title='bbox 1109 2738 1355 2838; x_wconf 89' lang='lat' dir='ltr'><strong>protulerant,</strong></span> 
     </span>
     <span class='ocr_line' id='line_1_18' title="bbox 304 2864 1351 2966; baseline 0.005 -30"><span class='ocrx_word' id='word_1_107' title='bbox 304 2890 372 2937; x_wconf 89' lang='lat' dir='ltr'><strong>nec</strong></span> <span class='ocrx_word' id='word_1_108' title='bbox 389 2865 594 2964; x_wconf 86' lang='lat' dir='ltr'><strong>quidquam</strong></span> <span class='ocrx_word' id='word_1_109' title='bbox 614 2869 742 2940; x_wconf 90' lang='lat' dir='ltr'><strong>melius</strong></span> <span class='ocrx_word' id='word_1_110' title='bbox 759 2868 797 2939; x_wconf 91' lang='lat' dir='ltr'><strong>in</strong></span> <span class='ocrx_word' id='word_1_111' title='bbox 821 2884 976 2966; x_wconf 89' lang='lat' dir='ltr'><strong>utroque</strong></span> <span class='ocrx_word' id='word_1_112' title='bbox 997 2865 1042 2937; x_wconf 90' lang='lat' dir='ltr'><strong>de</strong></span> <span class='ocrx_word' id='word_1_113' title='bbox 1058 2864 1126 2941; x_wconf 88' lang='lat' dir='ltr'><strong>hac</strong></span> <span class='ocrx_word' id='word_1_114' title='bbox 1142 2870 1351 2963; x_wconf 76' lang='lat' dir='ltr'><strong>quaestione,</strong></span> 
     </span>
     <span class='ocr_line' id='line_1_19' title="bbox 305 2995 1441 3092; baseline 0.003 -28"><span class='ocrx_word' id='word_1_115' title='bbox 305 3019 417 3091; x_wconf 89' lang='lat' dir='ltr'><strong>quarn</strong></span> <span class='ocrx_word' id='word_1_116' title='bbox 442 3000 480 3065; x_wconf 92' lang='lat' dir='ltr'><strong>in</strong></span> <span class='ocrx_word' id='word_1_117' title='bbox 505 2995 673 3068; x_wconf 89' lang='lat' dir='ltr'><strong>Johanne</strong></span> <span class='ocrx_word' id='word_1_118' title='bbox 689 2995 944 3085; x_wconf 83' lang='lat' dir='ltr'><strong>Salisberiensi,</strong></span> <span class='ocrx_word' id='word_1_119' title='bbox 968 3001 1006 3066; x_wconf 90' lang='lat' dir='ltr'><strong>iu</strong></span> <span class='ocrx_word' id='word_1_120' title='bbox 1035 2999 1191 3092; x_wconf 80' lang='lat' dir='ltr'><strong>Hugone</strong></span> <span class='ocrx_word' id='word_1_121' title='bbox 1218 2995 1354 3067; x_wconf 86' lang='lat' dir='ltr'><strong>Floria·</strong></span> <span class='ocrx_word' id='word_1_122' title='bbox 1435 3045 1441 3053; x_wconf 92' lang='lat'>-</span> 
     </span>
     <span class='ocr_line' id='line_1_20' title="bbox 306 3121 1352 3225; baseline -0.002 -31"><span class='ocrx_word' id='word_1_123' title='bbox 306 3127 419 3211; x_wconf 85' lang='lat' dir='ltr'><strong>censi,</strong></span> <span class='ocrx_word' id='word_1_124' title='bbox 435 3137 498 3193; x_wconf 88' lang='lat' dir='ltr'><strong>aut</strong></span> <span class='ocrx_word' id='word_1_125' title='bbox 511 3127 550 3194; x_wconf 93' lang='lat' dir='ltr'><strong>in</strong></span> <span class='ocrx_word' id='word_1_126' title='bbox 566 3128 757 3196; x_wconf 87' lang='lat' dir='ltr'><strong>Vincentio</strong></span> <span class='ocrx_word' id='word_1_127' title='bbox 774 3123 1014 3196; x_wconf 86' lang='lat' dir='ltr'><strong>Bellovacensi</strong></span> <span class='ocrx_word' id='word_1_128' title='bbox 1030 3128 1197 3225; x_wconf 85' lang='lat' dir='ltr'><strong>reperias,</strong></span> <span class='ocrx_word' id='word_1_129' title='bbox 1214 3126 1253 3192; x_wconf 91' lang='lat' dir='ltr'><strong>in</strong></span> <span class='ocrx_word' id='word_1_130' title='bbox 1265 3121 1352 3224; x_wconf 92' lang='lat' dir='ltr'><strong>qui-</strong></span> 
     </span>
     <span class='ocr_line' id='line_1_21' title="bbox 306 3249 1197 3349; baseline -0.001 -28"><span class='ocrx_word' id='word_1_131' title='bbox 306 3249 376 3322; x_wconf 92' lang='lat' dir='ltr'><strong>bus</strong></span> <span class='ocrx_word' id='word_1_132' title='bbox 391 3269 487 3322; x_wconf 90' lang='lat' dir='ltr'><strong>certe</strong></span> <span class='ocrx_word' id='word_1_133' title='bbox 506 3251 607 3324; x_wconf 91' lang='lat' dir='ltr'><strong>nulla</strong></span> <span class='ocrx_word' id='word_1_134' title='bbox 622 3252 780 3326; x_wconf 83' lang='lat' dir='ltr'><strong>Politicae</strong></span> <span class='ocrx_word' id='word_1_135' title='bbox 793 3252 1025 3325; x_wconf 86' lang='lat' dir='ltr'><strong>Aristotelieae</strong></span> <span class='ocrx_word' id='word_1_136' title='bbox 1039 3253 1197 3349; x_wconf 75' lang='lat' dir='ltr'><strong>vestigia.</strong></span> 
     </span>
    </p>
   </div>
   <div class='ocr_carea' id='block_1_7' title="bbox 0 0 1586 5058">
    <p class='ocr_par' dir='ltr' id='par_1_7' title="bbox 0 0 1586 5058">
     <span class='ocr_line' id='line_1_22' title="bbox 0 0 1586 5058; baseline 0 0"><span class='ocrx_word' id='word_1_137' title='bbox 0 0 1586 5058; x_wconf 95' lang='lat' dir='ltr'><strong> </strong></span> 
     </span>
    </p>
   </div>
  </div>
 </body>
</html>
