<?xml version="1.0" encoding="UTF-8"?>
<!DOCTYPE html PUBLIC "-//W3C//DTD XHTML 1.0 Transitional//EN"
    "http://www.w3.org/TR/xhtml1/DTD/xhtml1-transitional.dtd">
<html xmlns="http://www.w3.org/1999/xhtml" xml:lang="en" lang="en">
 <head>
  <title>
</title>
<meta http-equiv="Content-Type" content="text/html;charset=utf-8" />
  <meta name='ocr-system' content='tesseract 3.04.00' />
  <meta name='ocr-capabilities' content='ocr_page ocr_carea ocr_par ocr_line ocrx_word'/>
</head>
<body>
  <div class='ocr_page' id='page_1' title='image "./gidiiromanidere00courgoog_0041.png"; bbox 0 0 3126 5058; ppageno 0'>
   <div class='ocr_carea' id='block_1_1' title="bbox 732 499 925 565">
    <p class='ocr_par' dir='ltr' id='par_1_1' title="bbox 732 499 925 565">
     <span class='ocr_line' id='line_1_1' title="bbox 732 499 925 565; baseline 0.01 -19"><span class='ocrx_word' id='word_1_1' title='bbox 732 499 925 565; x_wconf 65' lang='lat'>..25-</span> 
     </span>
    </p>
   </div>
   <div class='ocr_carea' id='block_1_2' title="bbox 309 675 1351 1033">
    <p class='ocr_par' dir='ltr' id='par_1_2' title="bbox 309 675 1351 1033">
     <span class='ocr_line' id='line_1_2' title="bbox 309 675 1351 774; baseline 0.003 -27"><span class='ocrx_word' id='word_1_2' title='bbox 309 675 461 774; x_wconf 81' lang='lat' dir='ltr'><strong>quadiu</strong></span> <span class='ocrx_word' id='word_1_3' title='bbox 477 675 611 750; x_wconf 78' lang='lat' dir='ltr'><strong>durare</strong></span> <span class='ocrx_word' id='word_1_4' title='bbox 622 677 771 769; x_wconf 89' lang='lat' dir='ltr'><strong>debent,</strong></span> <span class='ocrx_word' id='word_1_5' title='bbox 796 675 1017 764; x_wconf 83' lang='lat' dir='ltr'><strong>utaedificia,</strong></span> <span class='ocrx_word' id='word_1_6' title='bbox 1040 688 1105 750; x_wconf 79' lang='lat' dir='ltr'><strong>aut</strong></span> <span class='ocrx_word' id='word_1_7' title='bbox 1116 701 1206 752; x_wconf 79' lang='lat' dir='ltr'><strong>roro</strong></span> <span class='ocrx_word' id='word_1_8' title='bbox 1222 703 1351 752; x_wconf 86' lang='lat' dir='ltr'><strong>occur-</strong></span> 
     </span>
     <span class='ocr_line' id='line_1_3' title="bbox 310 806 642 905; baseline 0.003 -30"><span class='ocrx_word' id='word_1_9' title='bbox 310 818 417 893; x_wconf 90' lang='lat' dir='ltr'><strong>rnnt,</strong></span> <span class='ocrx_word' id='word_1_10' title='bbox 433 819 476 877; x_wconf 88' lang='lat' dir='ltr'><strong>nt</strong></span> <span class='ocrx_word' id='word_1_11' title='bbox 492 806 642 905; x_wconf 87' lang='lat' dir='ltr'><strong>nuptiae.</strong></span> 
     </span>
     <span class='ocr_line' id='line_1_4' title="bbox 360 932 1347 1033; baseline 0.002 -29"><span class='ocrx_word' id='word_1_12' title='bbox 360 936 577 1006; x_wconf 81' lang='lat' dir='ltr'>Communia</span> <span class='ocrx_word' id='word_1_13' title='bbox 588 932 665 1005; x_wconf 88' lang='lat' dir='ltr'><strong>haec</strong></span> <span class='ocrx_word' id='word_1_14' title='bbox 675 933 816 1030; x_wconf 77' lang='lat' dir='ltr'><strong>AEgidio</strong></span> <span class='ocrx_word' id='word_1_15' title='bbox 828 949 864 1007; x_wconf 88' lang='lat' dir='ltr'><strong>et</strong></span> <span class='ocrx_word' id='word_1_16' title='bbox 872 933 1047 1033; x_wconf 80' lang='lat' dir='ltr'><strong>Aquinsti</strong></span> <span class='ocrx_word' id='word_1_17' title='bbox 1066 957 1151 1007; x_wconf 86' lang='lat' dir='ltr'><strong>cum</strong></span> <span class='ocrx_word' id='word_1_18' title='bbox 1166 935 1347 1008; x_wconf 84' lang='lat' dir='ltr'><strong>Aritotele.</strong></span> 
     </span>
    </p>
   </div>
   <div class='ocr_carea' id='block_1_3' title="bbox 242 1307 1347 4338">
    <p class='ocr_par' dir='ltr' id='par_1_3' title="bbox 304 1307 1347 1798">
     <span class='ocr_line' id='line_1_5' title="bbox 358 1307 1347 1412; baseline 0.001 -31"><span class='ocrx_word' id='word_1_19' title='bbox 358 1307 637 1408; x_wconf 77' lang='lat' dir='ltr'><strong>Magnificentiae</strong></span> <span class='ocrx_word' id='word_1_20' title='bbox 654 1313 805 1412; x_wconf 84' lang='lat' dir='ltr'>propior</span> <span class='ocrx_word' id='word_1_21' title='bbox 819 1329 870 1385; x_wconf 91' lang='lat' dir='ltr'><strong>est</strong></span> <span class='ocrx_word' id='word_1_22' title='bbox 888 1312 1019 1385; x_wconf 84' lang='lat' dir='ltr'><strong>aemuia</strong></span> <span class='ocrx_word' id='word_1_23' title='bbox 1036 1325 1072 1383; x_wconf 89' lang='lat' dir='ltr'><strong>et</strong></span> <span class='ocrx_word' id='word_1_24' title='bbox 1085 1337 1186 1383; x_wconf 93' lang='lat' dir='ltr'><strong>soror</strong></span> <span class='ocrx_word' id='word_1_25' title='bbox 1199 1315 1347 1410; x_wconf 75' lang='lat' dir='ltr'><strong>Magna·</strong></span> 
     </span>
     <span class='ocr_line' id='line_1_6' title="bbox 305 1439 1346 1538; baseline 0.002 -28"><span class='ocrx_word' id='word_1_26' title='bbox 305 1439 451 1512; x_wconf 82' lang='lat' dir='ltr'><strong>nimitas</strong></span> <span class='ocrx_word' id='word_1_27' title='bbox 470 1443 728 1537; x_wconf 77' lang='grc' dir='ltr'>(μεγαλοψυχία).</span> <span class='ocrx_word' id='word_1_28' title='bbox 742 1445 998 1538; x_wconf 70' lang='lat' dir='ltr'><strong>Magnaninrus</strong></span> <span class='ocrx_word' id='word_1_29' title='bbox 1014 1442 1074 1513; x_wconf 89' lang='lat' dir='ltr'><strong>ille</strong></span> <span class='ocrx_word' id='word_1_30' title='bbox 1086 1458 1157 1526; x_wconf 90' lang='lat' dir='ltr'><strong>est,</strong></span> <span class='ocrx_word' id='word_1_31' title='bbox 1180 1442 1209 1514; x_wconf 88' lang='lat' dir='ltr'><strong>si</strong></span> <span class='ocrx_word' id='word_1_32' title='bbox 1223 1440 1346 1513; x_wconf 91' lang='lat' dir='ltr'><strong>Phiio-</strong></span> 
     </span>
     <span class='ocr_line' id='line_1_7' title="bbox 305 1567 1344 1672; baseline 0.003 -33"><span class='ocrx_word' id='word_1_33' title='bbox 305 1567 422 1668; x_wconf 80' lang='lat' dir='ltr'><strong>sopho</strong></span> <span class='ocrx_word' id='word_1_34' title='bbox 444 1567 616 1659; x_wconf 88' lang='lat' dir='ltr'><strong>creditur,</strong></span> <span class='ocrx_word' id='word_1_35' title='bbox 638 1573 715 1670; x_wconf 91' lang='lat' dir='ltr'><strong>qui,</strong></span> <span class='ocrx_word' id='word_1_36' title='bbox 735 1592 777 1645; x_wconf 88' lang='lat' dir='ltr'><strong>ut</strong></span> <span class='ocrx_word' id='word_1_37' title='bbox 802 1599 952 1672; x_wconf 77' lang='lat' dir='ltr'><strong>magnos</strong></span> <span class='ocrx_word' id='word_1_38' title='bbox 975 1569 1133 1646; x_wconf 87' lang='lat' dir='ltr'><strong>honores</strong></span> <span class='ocrx_word' id='word_1_39' title='bbox 1153 1587 1344 1660; x_wconf 85' lang='lat' dir='ltr'><strong>mereatur,</strong></span> 
     </span>
     <span class='ocr_line' id='line_1_8' title="bbox 304 1699 1344 1798; baseline 0.003 -33"><span class='ocrx_word' id='word_1_40' title='bbox 304 1719 434 1794; x_wconf 76' lang='lat' dir='ltr'><strong>magna</strong></span> <span class='ocrx_word' id='word_1_41' title='bbox 463 1701 645 1797; x_wconf 85' lang='lat' dir='ltr'><strong>suscipere</strong></span> <span class='ocrx_word' id='word_1_42' title='bbox 669 1699 791 1789; x_wconf 81' lang='lat' dir='ltr'><strong>audet,</strong></span> <span class='ocrx_word' id='word_1_43' title='bbox 806 1725 874 1772; x_wconf 92' lang='lat' dir='ltr'><strong>nec</strong></span> <span class='ocrx_word' id='word_1_44' title='bbox 901 1699 1113 1798; x_wconf 79' lang='lat' dir='ltr'><strong>peragendis</strong></span> <span class='ocrx_word' id='word_1_45' title='bbox 1136 1708 1189 1770; x_wconf 89' lang='lat' dir='ltr'><strong>est</strong></span> <span class='ocrx_word' id='word_1_46' title='bbox 1214 1703 1344 1797; x_wconf 87' lang='lat' dir='ltr'><strong>impar.</strong></span> 
     </span>
    </p>

    <p class='ocr_par' dir='ltr' id='par_1_4' title="bbox 242 1824 1344 3585">
     <span class='ocr_line' id='line_1_9' title="bbox 242 1824 1344 1926; baseline 0.002 -33"><span class='ocrx_word' id='word_1_47' title='bbox 242 1901 247 1910; x_wconf 28' lang='lat'>⁸</span> <span class='ocrx_word' id='word_1_48' title='bbox 303 1824 431 1896; x_wconf 84' lang='lat' dir='ltr'><strong>Vanus</strong></span> <span class='ocrx_word' id='word_1_49' title='bbox 446 1841 498 1898; x_wconf 93' lang='lat' dir='ltr'><strong>est</strong></span> <span class='ocrx_word' id='word_1_50' title='bbox 519 1829 585 1921; x_wconf 91' lang='lat' dir='ltr'><strong>qui</strong></span> <span class='ocrx_word' id='word_1_51' title='bbox 602 1831 751 1926; x_wconf 86' lang='lat' dir='ltr'><strong>suscipit</strong></span> <span class='ocrx_word' id='word_1_52' title='bbox 773 1827 908 1925; x_wconf 84' lang='lat' dir='ltr'><strong>impar3</strong></span> <span class='ocrx_word' id='word_1_53' title='bbox 928 1825 1093 1916; x_wconf 87' lang='lat' dir='ltr'><strong>timidus,</strong></span> <span class='ocrx_word' id='word_1_54' title='bbox 1105 1831 1169 1924; x_wconf 90' lang='lat' dir='ltr'><strong>qui</strong></span> <span class='ocrx_word' id='word_1_55' title='bbox 1188 1850 1254 1925; x_wconf 85' lang='lat' dir='ltr'><strong>par</strong></span> <span class='ocrx_word' id='word_1_56' title='bbox 1269 1849 1344 1896; x_wconf 90' lang='lat' dir='ltr'><strong>non</strong></span> 
     </span>
     <span class='ocr_line' id='line_1_10' title="bbox 303 1951 1344 2052; baseline 0.003 -33"><span class='ocrx_word' id='word_1_57' title='bbox 303 1953 468 2049; x_wconf 82' lang='lat' dir='ltr'><strong>suscipit3</strong></span> <span class='ocrx_word' id='word_1_58' title='bbox 486 1967 520 2023; x_wconf 88' lang='lat' dir='ltr'><strong>et</strong></span> <span class='ocrx_word' id='word_1_59' title='bbox 531 1957 628 2025; x_wconf 87' lang='lat' dir='ltr'><strong>inter</strong></span> <span class='ocrx_word' id='word_1_60' title='bbox 647 1965 847 2050; x_wconf 90' lang='lat' dir='ltr'><strong>utrumque</strong></span> <span class='ocrx_word' id='word_1_61' title='bbox 868 1951 1006 2024; x_wconf 86' lang='lat' dir='ltr'><strong>medias</strong></span> <span class='ocrx_word' id='word_1_62' title='bbox 1023 1968 1141 2052; x_wconf 90' lang='lat' dir='ltr'><strong>partes</strong></span> <span class='ocrx_word' id='word_1_63' title='bbox 1155 1969 1254 2023; x_wconf 88' lang='lat' dir='ltr'><strong>tenet</strong></span> <span class='ocrx_word' id='word_1_64' title='bbox 1268 1977 1344 2022; x_wconf 82' lang='lat' dir='ltr'><strong>ma-</strong></span> 
     </span>
     <span class='ocr_line' id='line_1_11' title="bbox 302 2057 1342 2178; baseline 0.006 -32"><span class='ocrx_word' id='word_1_65' title='bbox 302 2082 511 2172; x_wconf 78' lang='lat' dir='ltr'><strong>gnanimus.</strong></span> <span class='ocrx_word' id='word_1_66' title='bbox 529 2057 569 2150; x_wconf 84' lang='lat' dir='ltr'><strong>ln</strong></span> <span class='ocrx_word' id='word_1_67' title='bbox 596 2079 699 2151; x_wconf 90' lang='lat' dir='ltr'><strong>nullo</strong></span> <span class='ocrx_word' id='word_1_68' title='bbox 718 2085 840 2178; x_wconf 78' lang='lat' dir='ltr'><strong>igitur,</strong></span> <span class='ocrx_word' id='word_1_69' title='bbox 860 2081 931 2152; x_wconf 91' lang='lat' dir='ltr'><strong>nisi</strong></span> <span class='ocrx_word' id='word_1_70' title='bbox 951 2084 1092 2177; x_wconf 77' lang='lat' dir='ltr'><strong>magnis</strong></span> <span class='ocrx_word' id='word_1_71' title='bbox 1110 2077 1342 2152; x_wconf 82' lang='lat' dir='ltr'><strong>facultatibus</strong></span> 
     </span>
     <span class='ocr_line' id='line_1_12' title="bbox 300 2207 1342 2307; baseline 0.001 -32"><span class='ocrx_word' id='word_1_72' title='bbox 300 2208 496 2296; x_wconf 89' lang='lat' dir='ltr'><strong>instructo,</strong></span> <span class='ocrx_word' id='word_1_73' title='bbox 520 2207 801 2305; x_wconf 75' lang='lat' dir='ltr'><strong>Magnanimitas</strong></span> <span class='ocrx_word' id='word_1_74' title='bbox 817 2213 965 2280; x_wconf 81' lang='lat' dir='ltr'><strong>existere</strong></span> <span class='ocrx_word' id='word_1_75' title='bbox 984 2221 1116 2307; x_wconf 91' lang='lat' dir='ltr'><strong>potest,</strong></span> <span class='ocrx_word' id='word_1_76' title='bbox 1138 2230 1257 2304; x_wconf 90' lang='lat' dir='ltr'><strong>quum</strong></span> <span class='ocrx_word' id='word_1_77' title='bbox 1273 2231 1342 2276; x_wconf 86' lang='lat' dir='ltr'><strong>ma-</strong></span> 
     </span>
     <span class='ocr_line' id='line_1_13' title="bbox 299 2331 1341 2433; baseline 0.002 -31"><span class='ocrx_word' id='word_1_78' title='bbox 299 2355 370 2428; x_wconf 79' lang='lat' dir='ltr'><strong>gna</strong></span> <span class='ocrx_word' id='word_1_79' title='bbox 389 2339 623 2430; x_wconf 79' lang='lat' dir='ltr'><strong>magnanimo</strong></span> <span class='ocrx_word' id='word_1_80' title='bbox 639 2341 712 2406; x_wconf 91' lang='lat' dir='ltr'><strong>sint</strong></span> <span class='ocrx_word' id='word_1_81' title='bbox 730 2331 982 2433; x_wconf 75' lang='lat' dir='ltr'><strong>aggrediendo.</strong></span> <span class='ocrx_word' id='word_1_82' title='bbox 1003 2331 1082 2424; x_wconf 87' lang='lat' dir='ltr'><strong>Sed,</strong></span> <span class='ocrx_word' id='word_1_83' title='bbox 1102 2335 1262 2431; x_wconf 91' lang='lat' dir='ltr'><strong>optimus</strong></span> <span class='ocrx_word' id='word_1_84' title='bbox 1285 2337 1341 2405; x_wconf 89' lang='lat' dir='ltr'><strong>sui</strong></span> 
     </span>
     <span class='ocr_line' id='line_1_14' title="bbox 294 2457 1340 2562; baseline 0.002 -32"><span class='ocrx_word' id='word_1_85' title='bbox 294 2457 420 2557; x_wconf 85' lang='lat' dir='ltr'><strong>judex,</strong></span> <span class='ocrx_word' id='word_1_86' title='bbox 437 2457 531 2532; x_wconf 88' lang='lat' dir='ltr'><strong>nihil</strong></span> <span class='ocrx_word' id='word_1_87' title='bbox 545 2482 655 2560; x_wconf 85' lang='lat' dir='ltr'><strong>supra</strong></span> <span class='ocrx_word' id='word_1_88' title='bbox 668 2463 759 2534; x_wconf 88' lang='lat' dir='ltr'><strong>vires</strong></span> <span class='ocrx_word' id='word_1_89' title='bbox 772 2481 853 2534; x_wconf 85' lang='lat' dir='ltr'><strong>suas</strong></span> <span class='ocrx_word' id='word_1_90' title='bbox 867 2461 926 2533; x_wconf 91' lang='lat' dir='ltr'><strong>ille</strong></span> <span class='ocrx_word' id='word_1_91' title='bbox 942 2461 1126 2562; x_wconf 90' lang='lat' dir='ltr'><strong>suscipiet;</strong></span> <span class='ocrx_word' id='word_1_92' title='bbox 1145 2479 1190 2552; x_wconf 92' lang='lat' dir='ltr'><strong>et,</strong></span> <span class='ocrx_word' id='word_1_93' title='bbox 1217 2485 1340 2534; x_wconf 83' lang='lat' dir='ltr'><strong>rerum</strong></span> 
     </span>
     <span class='ocr_line' id='line_1_15' title="bbox 298 2586 1341 2687; baseline 0.005 -30"><span class='ocrx_word' id='word_1_94' title='bbox 298 2586 395 2659; x_wconf 84' lang='lat' dir='ltr'><strong>idern</strong></span> <span class='ocrx_word' id='word_1_95' title='bbox 411 2611 520 2660; x_wconf 84' lang='lat' dir='ltr'><strong>sanus</strong></span> <span class='ocrx_word' id='word_1_96' title='bbox 530 2594 736 2676; x_wconf 82' lang='lat' dir='ltr'><strong>aestinrotor,</strong></span> <span class='ocrx_word' id='word_1_97' title='bbox 747 2593 840 2676; x_wconf 91' lang='lat' dir='ltr'><strong>istos,</strong></span> <span class='ocrx_word' id='word_1_98' title='bbox 854 2613 945 2687; x_wconf 90' lang='lat' dir='ltr'><strong>quos</strong></span> <span class='ocrx_word' id='word_1_99' title='bbox 959 2615 1089 2687; x_wconf 79' lang='lat' dir='ltr'><strong>magna</strong></span> <span class='ocrx_word' id='word_1_100' title='bbox 1100 2587 1262 2662; x_wconf 84' lang='lat' dir='ltr'><strong>iaciendo</strong></span> <span class='ocrx_word' id='word_1_101' title='bbox 1272 2615 1341 2662; x_wconf 80' lang='lat' dir='ltr'><strong>me</strong></span> 
     </span>
     <span class='ocr_line' id='line_1_16' title="bbox 297 2716 1339 2817; baseline 0.001 -31"><span class='ocrx_word' id='word_1_102' title='bbox 297 2729 409 2804; x_wconf 85' lang='lat' dir='ltr'><strong>retur,</strong></span> <span class='ocrx_word' id='word_1_103' title='bbox 428 2732 463 2786; x_wconf 90' lang='lat' dir='ltr'><strong>et</strong></span> <span class='ocrx_word' id='word_1_104' title='bbox 483 2741 575 2812; x_wconf 93' lang='lat' dir='ltr'><strong>quos</strong></span> <span class='ocrx_word' id='word_1_105' title='bbox 593 2716 662 2787; x_wconf 91' lang='lat' dir='ltr'><strong>sibi</strong></span> <span class='ocrx_word' id='word_1_106' title='bbox 683 2716 821 2788; x_wconf 89' lang='lat' dir='ltr'><strong>debitos</strong></span> <span class='ocrx_word' id='word_1_107' title='bbox 838 2735 953 2815; x_wconf 85' lang='lat' dir='ltr'><strong>putat,</strong></span> <span class='ocrx_word' id='word_1_108' title='bbox 972 2716 1128 2789; x_wconf 87' lang='lat' dir='ltr'><strong>honores</strong></span> <span class='ocrx_word' id='word_1_109' title='bbox 1141 2743 1208 2817; x_wconf 92' lang='lat' dir='ltr'><strong>pro</strong></span> <span class='ocrx_word' id='word_1_110' title='bbox 1225 2741 1339 2816; x_wconf 84' lang='lat' dir='ltr'><strong>parvo</strong></span> 
     </span>
     <span class='ocr_line' id='line_1_17' title="bbox 298 2839 1338 2944; baseline 0.004 -32"><span class='ocrx_word' id='word_1_111' title='bbox 298 2839 465 2930; x_wconf 81' lang='lat' dir='ltr'><strong>habehit,</strong></span> <span class='ocrx_word' id='word_1_112' title='bbox 492 2849 634 2916; x_wconf 84' lang='lat' dir='ltr'><strong>virtutis</strong></span> <span class='ocrx_word' id='word_1_113' title='bbox 653 2851 774 2944; x_wconf 88' lang='lat' dir='ltr'><strong>potius</strong></span> <span class='ocrx_word' id='word_1_114' title='bbox 794 2871 904 2942; x_wconf 83' lang='lat' dir='ltr'><strong>quarn</strong></span> <span class='ocrx_word' id='word_1_115' title='bbox 925 2843 1045 2917; x_wconf 79' lang='lat' dir='ltr'><strong>laudis</strong></span> <span class='ocrx_word' id='word_1_116' title='bbox 1063 2869 1202 2916; x_wconf 83' lang='lat' dir='ltr'><strong>amans.</strong></span> <span class='ocrx_word' id='word_1_117' title='bbox 1226 2845 1338 2934; x_wconf 88' lang='lat' dir='ltr'><strong>inde,</strong></span> 
     </span>
     <span class='ocr_line' id='line_1_18' title="bbox 296 2971 1338 3073; baseline 0.002 -32"><span class='ocrx_word' id='word_1_118' title='bbox 296 2971 515 3072; x_wconf 84' lang='lat' dir='ltr'><strong>contemptis</strong></span> <span class='ocrx_word' id='word_1_119' title='bbox 533 2971 750 3062; x_wconf 87' lang='lat' dir='ltr'><strong>honoribus,</strong></span> <span class='ocrx_word' id='word_1_120' title='bbox 764 2972 1008 3073; x_wconf 83' lang='lat' dir='ltr'><strong>jamprimum</strong></span> <span class='ocrx_word' id='word_1_121' title='bbox 1024 2977 1148 3045; x_wconf 88' lang='lat' dir='ltr'><strong>omnia</strong></span> <span class='ocrx_word' id='word_1_122' title='bbox 1166 2980 1232 3044; x_wconf 83' lang='lat' dir='ltr'><strong>ista</strong></span> <span class='ocrx_word' id='word_1_123' title='bbox 1250 2999 1338 3045; x_wconf 88' lang='lat' dir='ltr'><strong>con-</strong></span> 
     </span>
     <span class='ocr_line' id='line_1_19' title="bbox 295 3099 1339 3201; baseline 0.005 -32"><span class='ocrx_word' id='word_1_124' title='bbox 295 3113 451 3188; x_wconf 85' lang='lat' dir='ltr'><strong>temnet,</strong></span> <span class='ocrx_word' id='word_1_125' title='bbox 469 3123 551 3198; x_wconf 85' lang='lat' dir='ltr'><strong>quae</strong></span> <span class='ocrx_word' id='word_1_126' title='bbox 576 3099 764 3172; x_wconf 89' lang='lat' dir='ltr'><strong>honorum</strong></span> <span class='ocrx_word' id='word_1_127' title='bbox 784 3125 890 3173; x_wconf 82' lang='lat' dir='ltr'><strong>causa</strong></span> <span class='ocrx_word' id='word_1_128' title='bbox 910 3101 1128 3200; x_wconf 85' lang='lat' dir='ltr'><strong>plerumque</strong></span> <span class='ocrx_word' id='word_1_129' title='bbox 1147 3101 1339 3201; x_wconf 90' lang='lat' dir='ltr'><strong>concupis·</strong></span> 
     </span>
     <span class='ocr_line' id='line_1_20' title="bbox 293 3227 1338 3326; baseline 0.003 -29"><span class='ocrx_word' id='word_1_130' title='bbox 293 3241 440 3317; x_wconf 86' lang='lat' dir='ltr'><strong>cuntur,</strong></span> <span class='ocrx_word' id='word_1_131' title='bbox 465 3229 665 3326; x_wconf 84' lang='lat' dir='ltr'><strong>potentiam</strong></span> <span class='ocrx_word' id='word_1_132' title='bbox 677 3227 811 3301; x_wconf 83' lang='lat' dir='ltr'><strong>scilicet</strong></span> <span class='ocrx_word' id='word_1_133' title='bbox 821 3245 855 3300; x_wconf 94' lang='lat' dir='ltr'><strong>et</strong></span> <span class='ocrx_word' id='word_1_134' title='bbox 867 3229 1049 3319; x_wconf 84' lang='lat' dir='ltr'><strong>fortunas,</strong></span> <span class='ocrx_word' id='word_1_135' title='bbox 1068 3255 1152 3300; x_wconf 84' lang='lat' dir='ltr'><strong>mox</strong></span> <span class='ocrx_word' id='word_1_136' title='bbox 1167 3229 1338 3302; x_wconf 87' lang='lat' dir='ltr'><strong>homines</strong></span> 
     </span>
     <span class='ocr_line' id='line_1_21' title="bbox 292 3356 1336 3457; baseline 0.004 -31"><span class='ocrx_word' id='word_1_137' title='bbox 292 3359 401 3454; x_wconf 87' lang='lat' dir='ltr'><strong>ipsos,</strong></span> <span class='ocrx_word' id='word_1_138' title='bbox 423 3356 560 3454; x_wconf 86' lang='lat' dir='ltr'><strong>quibus</strong></span> <span class='ocrx_word' id='word_1_139' title='bbox 578 3364 806 3457; x_wconf 87' lang='lat' dir='ltr'><strong>superiorem</strong></span> <span class='ocrx_word' id='word_1_140' title='bbox 821 3383 856 3431; x_wconf 91' lang='lat' dir='ltr'><strong>se</strong></span> <span class='ocrx_word' id='word_1_141' title='bbox 867 3367 981 3448; x_wconf 89' lang='lat' dir='ltr'><strong>novit,</strong></span> <span class='ocrx_word' id='word_1_142' title='bbox 995 3377 1030 3431; x_wconf 92' lang='lat' dir='ltr'><strong>et</strong></span> <span class='ocrx_word' id='word_1_143' title='bbox 1040 3385 1060 3430; x_wconf 84' lang='lat' dir='ltr'><strong>a</strong></span> <span class='ocrx_word' id='word_1_144' title='bbox 1072 3357 1209 3456; x_wconf 88' lang='lat' dir='ltr'><strong>quibus</strong></span> <span class='ocrx_word' id='word_1_145' title='bbox 1224 3357 1336 3449; x_wconf 80' lang='lat' dir='ltr'><strong>nulla,</strong></span> 
     </span>
     <span class='ocr_line' id='line_1_22' title="bbox 293 3483 1258 3585; baseline 0.001 -30"><span class='ocrx_word' id='word_1_146' title='bbox 293 3484 363 3556; x_wconf 89' lang='lat' dir='ltr'><strong>nisi</strong></span> <span class='ocrx_word' id='word_1_147' title='bbox 381 3483 647 3558; x_wconf 84' lang='lat' dir='ltr'><strong>contemnenda</strong></span> <span class='ocrx_word' id='word_1_148' title='bbox 658 3491 723 3558; x_wconf 81' lang='lat' dir='ltr'><strong>isto</strong></span> <span class='ocrx_word' id='word_1_149' title='bbox 734 3491 895 3585; x_wconf 88' lang='lat' dir='ltr'><strong>praemia,</strong></span> <span class='ocrx_word' id='word_1_150' title='bbox 912 3497 1117 3584; x_wconf 83' lang='lat' dir='ltr'><strong>exspectare</strong></span> <span class='ocrx_word' id='word_1_151' title='bbox 1135 3501 1258 3585; x_wconf 90' lang='lat' dir='ltr'><strong>potest.</strong></span> 
     </span>
    </p>

    <p class='ocr_par' dir='ltr' id='par_1_5' title="bbox 290 3609 1337 4338">
     <span class='ocr_line' id='line_1_23' title="bbox 332 3609 1337 3708; baseline 0.001 -29"><span class='ocrx_word' id='word_1_152' title='bbox 332 3613 385 3689; x_wconf 81' lang='lat' dir='ltr'><strong>‚ln</strong></span> <span class='ocrx_word' id='word_1_153' title='bbox 412 3609 467 3682; x_wconf 92' lang='lat' dir='ltr'><strong>his</strong></span> <span class='ocrx_word' id='word_1_154' title='bbox 488 3612 660 3683; x_wconf 84' lang='lat' dir='ltr'><strong>omnibus</strong></span> <span class='ocrx_word' id='word_1_155' title='bbox 690 3611 870 3684; x_wconf 85' lang='lat' dir='ltr'><strong>Aristoteli</strong></span> <span class='ocrx_word' id='word_1_156' title='bbox 891 3615 1072 3684; x_wconf 83' lang='lat' dir='ltr'><strong>consentit</strong></span> <span class='ocrx_word' id='word_1_157' title='bbox 1089 3611 1271 3708; x_wconf 78' lang='lat' dir='ltr'><strong>AEgidius3</strong></span> <span class='ocrx_word' id='word_1_158' title='bbox 1301 3623 1337 3681; x_wconf 91' lang='lat' dir='ltr'><strong>et</strong></span> 
     </span>
     <span class='ocr_line' id='line_1_24' title="bbox 292 3739 1336 3839; baseline 0.002 -32"><span class='ocrx_word' id='word_1_159' title='bbox 292 3739 623 3835; x_wconf 75' lang='lat' dir='ltr'><strong>Magnaninritatem</strong></span> <span class='ocrx_word' id='word_1_160' title='bbox 651 3741 812 3839; x_wconf 85' lang='lat' dir='ltr'><strong>principi</strong></span> <span class='ocrx_word' id='word_1_161' title='bbox 836 3739 918 3838; x_wconf 88' lang='lat' dir='ltr'><strong>plus</strong></span> <span class='ocrx_word' id='word_1_162' title='bbox 946 3745 1052 3811; x_wconf 82' lang='lat' dir='ltr'><strong>etiam</strong></span> <span class='ocrx_word' id='word_1_163' title='bbox 1072 3764 1181 3837; x_wconf 82' lang='lat' dir='ltr'><strong>quarn</strong></span> <span class='ocrx_word' id='word_1_164' title='bbox 1196 3741 1336 3838; x_wconf 82' lang='lat' dir='ltr'><strong>privato</strong></span> 
     </span>
     <span class='ocr_line' id='line_1_25' title="bbox 291 3863 1335 3973; baseline 0.01 -38"><span class='ocrx_word' id='word_1_165' title='bbox 291 3865 545 3955; x_wconf 83' lang='lat' dir='ltr'><strong>commendet,</strong></span> <span class='ocrx_word' id='word_1_166' title='bbox 574 3891 693 3962; x_wconf 86' lang='lat' dir='ltr'><strong>quum</strong></span> <span class='ocrx_word' id='word_1_167' title='bbox 733 3863 779 3937; x_wconf 83' lang='lat' dir='ltr'><strong>ad</strong></span> <span class='ocrx_word' id='word_1_168' title='bbox 815 3868 953 3963; x_wconf 79' lang='lat' dir='ltr'><strong>majora</strong></span> <span class='ocrx_word' id='word_1_169' title='bbox 978 3873 1023 3940; x_wconf 90' lang='lat' dir='ltr'><strong>sit</strong></span> <span class='ocrx_word' id='word_1_170' title='bbox 1050 3875 1087 3943; x_wconf 88' lang='lat' dir='ltr'><strong>in</strong></span> <span class='ocrx_word' id='word_1_171' title='bbox 1130 3877 1335 3973; x_wconf 82' lang='lat' dir='ltr'><strong>principatu</strong></span> 
     </span>
     <span class='ocr_line' id='line_1_26' title="bbox 290 3991 1336 4098; baseline 0.008 -33"><span class='ocrx_word' id='word_1_172' title='bbox 290 3997 518 4066; x_wconf 88' lang='lat' dir='ltr'><strong>constitutus.</strong></span> <span class='ocrx_word' id='word_1_173' title='bbox 530 3993 596 4066; x_wconf 86' lang='lat' dir='ltr'><strong>Sed</strong></span> <span class='ocrx_word' id='word_1_174' title='bbox 612 3991 699 4066; x_wconf 91' lang='lat' dir='ltr'><strong>huic</strong></span> <span class='ocrx_word' id='word_1_175' title='bbox 709 3995 1014 4094; x_wconf 75' lang='lat' dir='ltr'><strong>Magnanimitati,</strong></span> <span class='ocrx_word' id='word_1_176' title='bbox 1025 4025 1061 4071; x_wconf 90' lang='lat' dir='ltr'><strong>se</strong></span> <span class='ocrx_word' id='word_1_177' title='bbox 1074 4006 1211 4098; x_wconf 78' lang='lat' dir='ltr'><strong>magnis</strong></span> <span class='ocrx_word' id='word_1_178' title='bbox 1225 3999 1336 4074; x_wconf 80' lang='lat' dir='ltr'><strong>hono</strong></span> 
     </span>
     <span class='ocr_line' id='line_1_27' title="bbox 292 4119 1334 4222; baseline 0.006 -32"><span class='ocrx_word' id='word_1_179' title='bbox 292 4119 392 4191; x_wconf 88' lang='lat' dir='ltr'><strong>ribus</strong></span> <span class='ocrx_word' id='word_1_180' title='bbox 418 4119 568 4218; x_wconf 75' lang='lat' dir='ltr'><strong>dignam</strong></span> <span class='ocrx_word' id='word_1_181' title='bbox 591 4123 825 4212; x_wconf 83' lang='lat' dir='ltr'><strong>existimanti,</strong></span> <span class='ocrx_word' id='word_1_182' title='bbox 856 4119 1017 4222; x_wconf 82' lang='lat' dir='ltr'><strong>aliosque</strong></span> <span class='ocrx_word' id='word_1_183' title='bbox 1048 4123 1214 4198; x_wconf 89' lang='lat' dir='ltr'><strong>homines</strong></span> <span class='ocrx_word' id='word_1_184' title='bbox 1245 4153 1334 4198; x_wconf 88' lang='lat' dir='ltr'><strong>con-</strong></span> 
     </span>
     <span class='ocr_line' id='line_1_28' title="bbox 292 4251 1331 4338; baseline 0.006 -20"><span class='ocrx_word' id='word_1_185' title='bbox 292 4253 490 4338; x_wconf 88' lang='lat' dir='ltr'><strong>temnenti,</strong></span> <span class='ocrx_word' id='word_1_186' title='bbox 521 4255 703 4322; x_wconf 79' lang='lat' dir='ltr'><strong>contrario</strong></span> <span class='ocrx_word' id='word_1_187' title='bbox 728 4275 802 4323; x_wconf 89' lang='lat' dir='ltr'><strong>esse</strong></span> <span class='ocrx_word' id='word_1_188' title='bbox 814 4251 961 4323; x_wconf 88' lang='lat' dir='ltr'><strong>videtur</strong></span> <span class='ocrx_word' id='word_1_189' title='bbox 985 4277 1024 4323; x_wconf 85' lang='lat' dir='ltr'><strong>ea</strong></span> <span class='ocrx_word' id='word_1_190' title='bbox 1050 4251 1195 4325; x_wconf 87' lang='lat' dir='ltr'><strong>demissi</strong></span> <span class='ocrx_word' id='word_1_191' title='bbox 1218 4255 1331 4325; x_wconf 80' lang='lat' dir='ltr'><strong>animi</strong></span> 
     </span>
    </p>
   </div>
   <div class='ocr_carea' id='block_1_4' title="bbox 0 0 1568 5058">
    <p class='ocr_par' dir='ltr' id='par_1_6' title="bbox 0 0 1568 5058">
     <span class='ocr_line' id='line_1_29' title="bbox 0 0 1568 5058; baseline 0 6"><span class='ocrx_word' id='word_1_192' title='bbox 0 0 1568 5058; x_wconf 95' lang='lat' dir='ltr'><strong> </strong></span> 
     </span>
    </p>
   </div>
  </div>
 </body>
</html>
