3124 5056
646 504 840 570 ...73....

223 679 385 753 divinam
414 683 701 780 imperarentur,
730 677 965 752 moriendum
1003 677 1154 774 quidem
1193 704 1267 750 esse

224 809 474 908 potiusquam
496 835 515 878 a
538 809 661 880 divina
689 807 765 906 lege
794 807 1065 896 desistendum,
1084 807 1144 880 sed
1170 832 1268 878 nun-

221 963 334 1034 quam
354 938 389 1008 vi
422 953 459 1008 et
484 941 596 1008 armis
624 936 876 1008 resistendum.
896 940 1017 1029 Quam
1040 936 1266 1023 doctrinam,

222 1063 373 1166 posthae
385 1071 423 1138 in
439 1066 557 1138 Gallia
572 1062 618 1137 ab
635 1065 809 1138 omnibus
826 1070 932 1165 regiae
949 1065 1267 1164 potestatisdefen-

222 1193 639 1296 soribusrepetitam(1),
653 1193 944 1295 splendidissimo
964 1193 1113 1266 tandem
1128 1193 1267 1266 lumine

223 1321 415 1394 illustravit
432 1325 649 1396 Bossuetius.

274 1451 321 1520 At
337 1447 444 1544 longe
461 1449 561 1520 aliter
576 1474 720 1522 sensere
734 1456 800 1547 qui
813 1452 965 1522 Summo
979 1445 1147 1521 Pontifici
1161 1474 1269 1545 grave

225 1602 324 1672 reges
340 1575 552 1676 deponendi
577 1577 638 1675 jus
658 1578 865 1651 condonare
885 1576 1095 1650 voluerunt.
1117 1564 1173 1649 itti
1198 1575 1269 1648 sci·
1310 1587 1314 1593 '

224 1704 306 1778 licet
328 1731 485 1806 pravum
516 1731 659 1804 regem,
688 1707 914 1807 populorum
943 1706 1027 1803 jura
1056 1706 1270 1803 divinasque

223 1833 315 1932 leges
340 1833 593 1924 violantem,a
617 1837 760 1938 populis
783 1863 895 1934 regno
921 1835 1069 1908 detrudi
1094 1834 1269 1907 interfici-

222 1988 295 2059 que
317 1967 426 2034 etiam
446 1963 531 2061 jure
555 1950 662 2064 ¹posse
689 1964 975 2036 contenderunt.
996 1967 1103 2036 Hanc
1127 1980 1271 2036 senten-

223 2095 307 2162 tiam
327 2092 405 2189 jam
426 2096 465 2162 in
485 2090 656 2164 Johanne
678 2092 921 2178 ¹salisberiensi
944 2098 1117 2192 reperias,
1139 2119 1270 2189 quam·

224 2222 275 2290 vis
292 2219 425 2292 divinae
441 2221 673 2317 singulorum
698 2226 905 2322 principum
928 2222 1062 2320 origini
1086 2247 1161 2294 non
1187 2227 1270 2294 satis

223 2373 436 2448 congruam.
473 2348 564 2422 Inde
592 2348 637 2422 ab
670 2354 851 2450 Aquinate
877 2367 1099 2450 usurpatur,
1125 2355 1162 2420 in
1195 2376 1270 2447 quo

224 2477 353 2550 melius
389 2504 474 2550 cum
513 2478 680 2579 populari
722 2479 894 2552 electione
937 2479 1124 2567 eonvenit;
1169 2481 1270 2551 unde

223 2633 372 2706 quoque
389 2636 406 2680 a
425 2610 644 2682 Bellarmino
671 2627 706 2682 et
732 2614 892 2682 Mariana
919 2613 1031 2680 serius
1049 2607 1268 2700 extrahetur,

222 2739 373 2840 Summo
395 2736 563 2810 Pontifici
584 2743 677 2810 mire
695 2739 811 2825 utilis,
828 2755 1005 2835 tauquam
1028 2763 1128 2809 sacra
1152 2764 1271 2838 popu-

222 2864 442 2961 lorum-jura
460 2884 583 2938 contra
604 2891 729 2964 regum
746 2867 929 2938 licentiam
945 2865 1166 2939 defendenti.

273 2995 370 3066 Huic
394 2993 607 3090 quaestieni,
635 3020 702 3066 nec
730 2999 768 3066 in
795 3009 947 3066 tractatu
974 2995 1013 3066 de
1046 3011 1187 3096 utraque
1211 3021 1271 3097 po·

224 3134 353 3206 testate,
375 3145 441 3194 nec
462 3121 500 3192 in
528 3123 607 3222 ipso
637 3127 797 3220 repimine
817 3127 1029 3224 principum,
1049 3141 1173 3223 aperte
1196 3149 1271 3197 res-

221 3249 358 3348 pondet
386 3251 558 3349 AEgidius.
591 3256 781 3350 Nusquam
803 3252 994 3352 equidem,
1019 3257 1188 3352 Huqonis
1223 3255 1270 3328 ad

222 3378 419 3478 exemplar,
441 3379 653 3470 contendit,
677 3380 919 3453 obedientiam
941 3386 1153 3479 cuicunque
1184 3385 1269 3480 regi,

223 3506 278 3578 vel
316 3508 440 3605 iniqua
475 3515 690 3610 imperanti,
724 3509 871 3599 deberi,
906 3516 953 3582 ita
989 3529 1030 3582 ut
1061 3529 1185 3584 eontra
1221 3512 1271 3584 fas

226 3652 337 3730 agant
364 3622 523 3725 subditi,
554 3639 582 3710 si
607 3639 741 3736 injusta
773 3643 1000 3738 praecipienti
1029 3665 1105 3710 non
1130 3639 1273 3712 obtem-

224 3780 370 3862 perent;
396 3780 450 3852 et,
475 3765 678 3864 siquando
702 3767 748 3838 ad
784 3767 921 3840 malum
953 3766 1158 3867 principem
1187 3768 1273 3840 tole·

260 4041 291 4106 (t)
305 4039 426 4103 Rudinus,
442 4045 477 4090 De
487 4041 667 4108 Republica.—
678 4043 774 4093 Bedaeus
786 4044 816 4094 de
831 4044 852 4092 ia
865 4042 1041 4095 Germandiere
1053 4045 1106 4111 (jus
1117 4051 1223 4111 regum).
1237 4074 1272 4086 -

221 4135 394 4204 chananoeo,
411 4139 446 4184 De
458 4135 606 4187 l'e'ducaeion
621 4135 663 4188 der
668 4141 774 4208 princes.
784 4167 819 4179 -
835 4140 934 4198 Batnae,
950 4143 989 4188 Du
997 4143 1093 4211 prince.
1107 4169 1142 4183 ·-
1156 4149 1271 4211 Boasnet,

219 4232 338 4305 Politique
348 4233 406 4283 title
420 4231 450 4284 de
464 4227 594 4286 I'Ecrr'ture
605 4237 699 4303 raiate;
715 4243 812 4286 Serrnon
825 4253 868 4287 sur
876 4233 911 4285 les
922 4235 1015 4286 devoirs
1025 4236 1067 4288 des
1076 4240 1133 4293 ruis.
1146 4267 1180 4280 ·-
1195 4239 1273 4292 Fene-

220 4324 276 4391 ion,
291 4327 337 4374 Su'r
351 4319 372 4373 le
384 4337 569 4390 goerrernement
581 4324 651 4384 civil,
668 4325 728 4377 livre
739 4331 774 4377 X.
