3124 5056
642 507 834 573 ‚55..

215 679 255 750 de
272 680 427 778 potestate
451 669 569 778 Repeti
602 695 633 752 ct
660 669 874 780 pontificali,
903 693 1034 778 magna
1065 679 1264 753 verborum
1313 780 1315 786 Α

215 795 428 880 auctoritate
451 808 650 908 punierint.
687 812 781 880 Huic
807 807 900 880 libro
925 813 953 880 si
979 808 1154 897 creditus,
1170 805 1263 880 nihil

218 936 287 1006 nisi
312 951 331 1006 e
356 935 469 1006 Sacris
493 935 689 1006 Goiiieibus
716 933 919 1022 haurienti,
937 939 1009 1008 Rex
1034 935 1073 1006 in
1100 933 1263 1013 Ecclesissae

218 1063 409 1134 utilitatem
442 1063 646 1164 populique
682 1064 851 1152 tutelam,
881 1062 1100 1136 Pontificum
1130 1087 1260 1151 niano,

217 1193 403 1261 institutus
418 1190 489 1262 fnit
505 1217 525 1261 a
538 1193 625 1280 Deo,
640 1224 653 1282 ιι
671 1197 729 1292 qen
742 1191 848 1264 eleuat
862 1193 901 1262 tie
914 1207 1053 1262 stercore
1066 1195 1218 1288 epenttni,
1232 1205 1263 1261 et

222 1318 362 1388 uscdcrc
391 1319 478 1412 f'oct’t
499 1333 577 1388 cum
600 1319 809 1419 principibus
830 1317 948 1420 popuii
975 1324 1042 1404 sui,
1071 1327 1101 1387 et
1130 1319 1264 1418 deponit

222 1474 236 1507 ιι
250 1461 396 1544 potentes
416 1445 456 1516 dc
481 1447 569 1534 sede,
596 1461 628 1517 et
646 1447 769 1519 cxcitoi
783 1445 937 1534 iunonem
960 1481 973 1509 ιι
1002 1458 1099 1517 totus
1116 1448 1260 1542 igitnia

216 1577 293 1646 Deo
312 1573 449 1673 pendet
467 1580 657 1674 princeps,
679 1573 726 1646 ab
752 1600 795 1647 eo
819 1577 896 1647 soio
913 1579 1168 1648 remuneratus
1184 1587 1260 1645 'cas-

218 1707 409 1801 tigatusve,
435 1717 545 1800 prnut
574 1703 668 1776 bene
696 1721 758 1775 aut
775 1705 867 1776 maie
884 1707 1048 1802 segessit.
1075 1701 1188 1774 Rudis
1210 1717 1261 1773 ta-

217 1849 303 1901 men·
326 1827 449 1901 adhue
470 1849 504 1904 et
520 1829 689 1903 inchoata
710 1849 851 1904 tantuin
866 1833 1043 1920 doctrina,
1057 1829 1257 1902 multaruni

185 1965 343 2028 ‘rerum
362 1957 489 2048 oblita,
511 1971 575 2029 aut
598 1965 720 2058 potins
741 1965 886 2058 ignara,
913 1973 947 2031 et
967 1959 1081 2030 honos
1103 1957 1260 2031 malosve

217 2110 291 2160 esse
304 2094 488 2188 principes
504 2107 550 2159 ne
565 2095 737 2188 suspicari
753 2075 904 2187 quitiam
920 2096 1004 2164 visa'.

267 2219 455 2316 Perspecto
469 2233 520 2320 est
534 2232 651 2290 autem
667 2241 706 2292 ee
725 2211 909 2292 distinctio
927 2225 966 2292 in
984 2220 1078 2293 iibro‘
1095 2222 1261 2326 Hugonis

217 2343 408 2434 monaehi,
435 2351 527 2418 circu
550 2359 690 2422 annoni
714 2361 860 2437 intinxti,
886 2349 1011 2444 etjam
1031 2347 1259 2443 indequaesi·

219 2485 315 2563 tum,
346 2487 471 2546 utrum
493 2475 581 2546 boni
603 2488 745 2547 tantum
765 2503 812 2548 an
824 2477 910 2546 maii
924 2495 1071 2572 quoque
1084 2479 1262 2573 principes

217 2627 236 2672 a
259 2605 335 2672 Deo
357 2617 490 2690 'essent3
518 2615 554 2674 et
570 2603 662 2674 iliud
676 2619 916 2676 asseveratum
931 2618 1107 2698 utrosque
1128 2603 1264 2700 petitor
1299 2651 1301 2654 -

217 2756 235 2801 a
255 2731 325 2801 Deo
338 2753 426 2818 esse,
443 2729 557 2804 bonos
569 2731 703 2803 sciiicet
719 2732 758 2802 in
778 2733 1109 2802 remunerationem
1127 2731 1262 2825 gentis,

219 2852 330 2930 maios
352 2871 474 2930 antem
489 2864 528 2928 in
544 2864 813 2957 castigationem
830 2863 1181 2958 experimentum
1199 2857 1262 2928 scd

218 2997 392 3082 utrosque
419 2986 583 3056 similiter
615 2985 660 3056 ad
689 2987 858 3058 salutaria
889 2989 954 3058 Dei
986 2985 1136 3058 consilia
1166 2993 1263 3056 exse-

218 3104 379 3213 quenda.

269 3249 359 3318 item
379 3249 483 3318 estin
498 3243 783 3319 iibcoJohannis
799 3245 1077 3336 salisbeiiensis‚
1093 3247 1148 3317 Dc
1164 3249 1262 3344 inopis

220 3373 400 3444 curialium
423 3373 539 3460 dieto,
564 3387 599 3445 et
622 3341 852 3473 paneispost
875 3379 981 3445 annis
1004 3377 1042 3444 in
1068 3372 1261 3472 pubiicum

219 3501 326 3573 edito.
357 3506 527 3602 Princeps
547 3521 598 3573 est
619 3527 729 3598 quem
751 3505 848 3574 Deus
868 3503 991 3600 elegit,
1011 3534 1024 3564 ιι
1041 3527 1138 3601 quem
1153 3505 1261 3600 dispo·

225 3653 240 3690 ιι
258 3633 333 3699 sitio
347 3631 478 3699 Divina
495 3633 527 3699 in
548 3654 625 3700 orec
639 3627 826 3729 reipublice
839 3627 1012 3702 collocavit
1028 3629 1090 3725 (1),
1109 3660 1126 3696 a
1149 3651 1261 3726 quem

219 3755 448 3828 sacerdotum
467 3759 668 3828 ministerio
682 3761 816 3829 caeieris
835 3757 1010 3856 praetulit,
1026 3757 1205 3854 cujusque
1224 3755 1262 3828 in

219 3889 455 3956 reverentiam
486 3883 806 3984 obedientiamque
850 3886 1075 3986 populorum
1121 3886 1263 3959 animos

220 4013 369 4085 inilexit.
394 4017 468 4087 Nee
488 4013 646 4087 debono
669 4032 811 4088 tantum
828 4016 1014 4116 principe,
1031 4013 1094 4088 sed
1109 4015 1155 4086 de
1168 4013 1262 4087 meio

259 4288 288 4362 (i)
309 4291 362 4344 Lib.
377 4295 409 4360 V,
422 4308 475 4360 cap.
487 4299 510 4346 6.
