3124 5056
727 469 921 535 ...58-

606 525 626 564 S

297 667 415 740 quum
430 646 506 714 sine
518 639 783 740 gubernatione
799 643 902 715 nulla
918 669 1086 741 uuquam
1100 643 1247 716 societas
1261 669 1342 734 con·

298 770 421 845 sistere
433 785 558 866 queat;
584 788 619 842 et
631 771 710 844 ideo
722 775 996 870 potestasaDeo
1008 798 1081 845 esse
1094 798 1176 846 vere
1191 771 1340 860 dieitur,

297 899 382 998 qula
396 924 416 970 e
429 916 558 971 natura
573 903 745 974 societatis
758 915 828 988 est,
855 926 936 998 quae
959 901 1034 998 ipsa
1052 915 1137 972 esta
1154 902 1249 989 De03
1279 900 1341 972 sed

296 1046 364 1104 nec
393 1044 527 1108 certant
550 1029 660 1104 ullam
689 1030 838 1104 civitatis
861 1031 1014 1104 formam
1043 1035 1140 1103 Deus
1167 1031 1341 1130 cuiquam

298 1157 436 1258 populo
460 1157 647 1256 imposuit,
669 1171 734 1231 n‘ee
752 1184 977 1254 quemquam
995 1157 1055 1228 ulli
1073 1163 1149 1256 ipse
1164 1157 1340 1254 praefecit,

298 1285 368 1366 nisi
385 1290 448 1382 qui
467 1285 715 1384 principatum
727 1287 824 1383 juste
838 1291 884 1361 sit
900 1286 1051 1384 adeptus
1073 1287 1087 1380 (
1112 1293 1136 1380 ).

350 1419 516 1509 Quinam
546 1441 631 1513 ergo
660 1415 908 1514 principatum
936 1417 1033 1512 juste
1066 1411 1344 1514 adipiscuntur?

299 1547 344 1620 Et
361 1565 525 1642 quorum
544 1543 641 1640 justa
668 1544 883 1616 auctoritas?

350 1676 392 1750 lu
422 1670 490 1742 hac
521 1676 719 1768 quaestione
751 1671 924 1744 solvenda
951 1672 1143 1744 Aristotele
1178 1695 1263 1742 usus
1291 1685 1344 1740 cst

299 1802 474 1898 Aquinas.
490 1799 700 1872 Secundum
723 1803 972 1890 Aristotelem4
997 1825 1126 1874 eorum
1144 1800 1241 1898 justa
1259 1823 1344 1868 auc-

301 1931 425 2004 toritas
450 1944 514 2022 est‚
539 1935 605 2028 qui
631 1946 777 2003 caeteros
807 1935 940 2001 virtute
965 1945 1001 2000 et
1024 1928 1217 2028 prudentia
1243 1951 1345 2025 praes·
1370 2001 1374 2006 ,

299 2072 399 2146 tant,
428 2083 497 2130 nee
535 2057 599 2130 ulli
640 2075 693 2130 est
729 2074 822 2130 recta
858 2055 1073 2128 dominandi
1112 2080 1235 2142 causa,
1276 2051 1345 2123 nisi

300 2187 402 2284 qdod
428 2186 554 2259 melior
583 2188 717 2260 caeteris
748 2204 811 2275 esu
841 2201 876 2258 et
897 2185 1030 2256 caeteris
1055 2183 1142 2255 inde
1169 2182 1260 2253 boue
1282 2198 1344 2267 est,

301 2312 331 2386 si
365 2313 411 2386 ab
443 2341 486 2388 eo
516 2315 779 2412 gubernantur.
817 2314 852 2386 Si
889 2318 970 2412 quis
999 2315 1113 2410 igitur
1143 2316 1246 2382 -iutcr
1279 2306 1347 2380 hc-

302 2443 420 2514 mines
450 2467 559 2542 supra
590 2455 733 2514 caeteros
764 2441 921 2532 excellit,
951 2456 992 2512 ut
1021 2465 1131 2539 supra
1156 2438 1346 2509 foeminam

304 2574 375 2657 vir,
406 2597 517 2670 supra
549 2569 681 2642 liberos
712 2588 833 2670 pater,
867 2595 978 2669 supra
1006 2593 1126 2673 servos
1155 2567 1345 2650 dominus,

187 2782 188 2786 Ἴ
300 2711 410 2799 supra
432 2725 565 2798 corpus
594 2703 733 2787 anima,
766 2699 825 2770 hic
851 2698 897 2770 ad
924 2702 1122 2797 imperium
1147 2711 1346 2781 natusest,

302 2846 339 2903 et
370 2835 402 2901 ei
428 2831 513 2928 jure
547 2829 743 2902 deferenda
778 2845 831 2900 est
866 2833 1069 2900 auctoritas.
1100 2831 1187 2899 Haec
1226 2827 1346 2896 omnia

302 2955 520 3056 approbavit
546 2959 726 3055 Aquinas3
752 2975 789 3029 et
819 2961 915 3046 iano,
946 2957 995 3028 eis
1027 2981 1102 3027 uon
1133 2967 1347 3038 contentus,

240 3149 247 3156 .
305 3085 459 3157 candide
505 3069 708 3174 contendit,
741 3084 843 3182 quod
882 3099 1004 3183 aperte
1042 3087 1235 3155 enuntiare
1272 3059 1348 3150 nou

304 3237 414 3285 ausus
437 3229 513 3285 erat
537 3215 615 3314 ipse
633 3211 847 3302 Aristoteles,
873 3213 1046 3285 eximium
1064 3210 1166 3283 hunc
1187 3223 1222 3282 et
1244 3233 1350 3308 praes·

186 3417 189 3422 .
303 3359 442 3417 tantem
467 3349 600 3432 virum,
627 3347 813 3415 occasione
839 3332 934 3430 data,
963 3335 1124 3440 peccare,
1151 3346 1179 3412 si
1200 3366 1274 3410 nou
1297 3363 1350 3409 se-

303 3467 479 3546 ditionem
508 3489 664 3560 moveat,
697 3488 740 3544 ut
769 3498 893 3544 rerum
924 3458 1249 3557 administratione,
1278 3493 1349 3564 qua

304 3601 438 3699 dignus
455 3617 526 3690 est,
546 3601 705 3701 potiatur
727 3603 740 3696 (
765 3603 789 3695 ).
906 3625 908 3632 ’

353 3731 417 3804 Sed
437 3757 517 3802 rara
542 3728 618 3802 haec
646 3746 746 3801 tanta
774 3727 992 3814 excellentia,
1012 3753 1125 3828 quam
1153 3752 1228 3800 non
1254 3729 1351 3796 Grae·

344 4054 375 4126 (l)
394 4062 464 4108 Hanc
479 4056 620 4107 seutentiam
637 4051 750 4124 explicuit
765 4057 941 4109 Bellarminna:
957 4061 1054 4110 certum
1069 4067 1105 4109 est
1117 4057 1238 4124 politicam
1250 4059 1351 4122 potesta·

308 4155 355 4196 tem
368 4163 382 4196 a
396 4151 447 4197 Deo
460 4151 520 4211 a'sse,
530 4152 612 4198 etc...
626 4148 680 4210 (De
692 4147 777 4214 Laiclr,
791 4147 834 4198 lib.
850 4151 902 4210 ΠΙ,
916 4163 971 4214 cap.
982 4150 1016 4210 a.)

344 4274 377 4339 (a)
395 4263 600 4340 expositionibus
612 4277 646 4334 v,
664 4271 733 4322 torio
749 4275 772 4338 r,
786 4274 801 4339 s
813 4271 838 4324 a.
