3126 5058
660 494 854 560 ...21-

239 669 437 758 distinctae,
462 683 573 768 prout
598 671 752 769 majores
784 674 986 741 minoresve
1015 669 1203 761 videntur,
1224 671 1282 743 di-

239 801 349 868 versis
375 795 605 869 facultatibus
625 801 674 868 sic
696 795 975 868 attribuuntur:

288 931 491 1003 lntellectni
512 936 663 1030 practico
687 931 885 1004 Prudentia
897 963 906 1020 3

289 1071 477 1167 Appetitui
493 1065 688 1139 intellectiuo
702 1071 722 1139 J
728 1072 864 1156 ustitia3

290 1205 478 1295 Irascibili,
493 1205 698 1295 Fortitudo,
715 1205 971 1296 Mansuetudo,
991 1206 1282 1304 Magnificentia,

240 1333 540 1432 Magnanimitas3

289 1471 594 1573 Concupiscibili,
608 1473 878 1574 Temperantia,
892 1472 1116 1564 Liberalitas,
1132 1473 1284 1547 honoris

241 1604 418 1692 Amativa,
434 1603 583 1690 Veritas,
596 1600 819 1690 Amabilitas,
835 1616 871 1674 et
887 1601 1104 1702 Eutrapelia.

293 1790 434 1858 Harum
464 1790 643 1858 virtutum
666 1773 826 1884 quatuor
842 1785 1038 1859 Cordinales
1058 1799 1144 1858 sunt
1165 1812 1172 1856 :
1196 1791 1285 1857 Pru
1377 1794 1379 1797 ’

242 1913 365 1984 dentia
389 1910 539 2003 scilicet,
554 1917 575 1984 J
580 1917 712 2001 ustitia,
735 1912 925 1986 Fortitudo
946 1927 982 1986 et
1005 1915 1282 2012 Temperantia,

240 2041 460 2140 generaliter
472 2059 630 2140 accepta.
651 2043 796 2113 Caeterae
812 2057 894 2114 noto
909 2042 1085 2113 dicuntur
1096 2044 1259 2114 Aonexoe.

292 2185 356 2252 Hae
381 2180 579 2252 duodecim
607 2185 760 2252 virtutes
785 2181 826 2250 in
849 2179 1037 2253 Aristotele
1063 2195 1284 2270 tractantur,

223 2305 305 2392 ‚sed
328 2332 404 2378 non
430 2311 478 2376 ita
500 2305 679 2378 subtiliter
703 2307 847 2405 digestae
868 2323 905 2378 et
929 2306 1141 2378 distributae.
1167 2307 1286 2380 Cardi-

242 2435 374 2508 nalium
397 2451 516 2508 autem
538 2449 574 2507 et
597 2437 822 2508 Annexarum
842 2435 1023 2509 distinctio
1040 2463 1112 2508 non
1139 2463 1181 2508 ex
1206 2437 1286 2535 ipso

241 2561 402 2660 AEgidio,
426 2588 492 2634 neo
512 2587 553 2633 ex
575 2567 655 2660 ipso
669 2564 849 2660 Aquinate
877 2567 1016 2652 oritur,
1048 2562 1109 2636 sed
1132 2588 1152 2633 e
1174 2564 1287 2634 veteri

243 2688 538 2792 Christianorum
550 2696 774 2790 scriptorum
788 2715 900 2762 more.

293 2832 341 2901 lis
367 2829 528 2928 adjunge
562 2854 652 2925 quas
673 2827 841 2926 AEgidius
870 2825 972 2900 bonas
1002 2833 1126 2900 animae
1152 2829 1288 2928 disposi-

215 2941 227 2974 ⁸
244 2962 347 3028 tiones
362 2953 528 3055 appellat,
542 2980 700 3052 quarum
717 2954 795 3026 aliae
809 2981 910 3054 supra
922 2960 1078 3026 virtutem
1097 2972 1193 3043 sunt,
1210 2955 1287 3026 aliae

242 3089 406 3156 virtutum
420 3081 563 3169 ancillae,
579 3081 656 3154 aliae
669 3089 920 3182 preparationes
931 3082 979 3152 od
992 3087 1158 3154 virtutem.

294 3230 347 3298 De
375 3223 445 3296 illis
480 3228 593 3322 igitur
623 3223 820 3296 virtutibus
855 3246 896 3295 ex
924 3223 1111 3296 Aristotele
1145 3223 1287 3297 disserit

243 3349 421 3448 AEgidius,
438 3373 521 3421 raro
536 3375 554 3418 a
576 3345 798 3447 philosopho
813 3348 985 3439 diversus,
1005 3365 1043 3422 at
1058 3362 1181 3422 oontra
1205 3374 1287 3420 om-

244 3477 353 3549 nibus
367 3475 507 3548 viribus
524 3479 676 3564 enitens,
690 3492 745 3564 ut,
766 3478 957 3572 Aquinatis
974 3475 1150 3574 exemplo,
1161 3500 1287 3548 omnes

244 3601 540 3694 Christianorum
555 3606 706 3673 virtutes
719 3601 766 3671 ad
781 3600 977 3700 descriptas
1000 3627 1019 3671 a
1036 3605 1206 3698 magistro
1226 3625 1287 3672 re·

243 3728 353 3827 digat.

293 3856 546 3945 Qua's'inter,
582 3867 624 3922 ut
650 3866 839 3951 perspecta
876 3857 922 3924 sit
954 3856 1138 3952 scriptoris
1169 3857 1284 3942 ratio,

244 3985 409 4086 quinque
433 3980 633 4078 praecipuas
653 3975 848 4074 eligemus,
868 3978 1108 4051 Prudentiam
1136 3977 1283 4066 scilieet,

244 4105 1287 4204 Justitiam,Magnificentiam,MagnanimitatemetMan·
1339 4085 1341 4090 ,

187 4206 191 4216 ,
246 4232 490 4306 suetudinem.
